3352 4994
757 316 969 379 ,19-

231 465 362 550 χαίρειυ
384 468 529 531 iubemus
548 478 731 533 »auctorem
746 468 1029 544 intellectualem«,
1052 488 1151 550 quem
1175 470 1242 532 sine
1264 468 1329 531 ulla
1351 470 1493 533 veritatis

231 575 343 657 specie
365 575 553 638 invenerunt
573 575 631 639 sibi
653 575 801 638 homines
822 575 918 638 docti.

241 731 244 738 .
323 677 516 760 Quanquam
546 680 672 742 exsistit
700 688 811 742 contra
840 699 892 743 me
921 679 1122 742 adversariae
1151 681 1251 761 partis
1280 679 1401 742 vindex
1423 699 1491 761 gra-

232 785 400 848 vissimus:
425 821 467 832 —
488 784 595 848 Platol
629 785 665 848 In
694 805 732 848 ea
759 783 843 847 enim
872 784 924 848 ille
953 784 1062 866 legum
1093 792 1184 865 parte
1208 805 1291 868 quae
1313 786 1354 846 ad
1377 784 1492 847 caedes

235 891 374 972 pertinet
416 910 481 953 non
520 911 585 953 uno
621 899 746 954 tantum
785 889 859 952 loco
901 891 958 953 sed
999 890 1185 971 saepissime
1226 889 1391 970 distinguit
1426 890 1492 951 duo

232 995 382 1057 caedium
408 1015 535 1078 genera,
567 1017 585 1058 e
608 995 723 1076 quibus
745 1015 818 1058 cum
840 994 976 1058 alterum
999 995 1039 1057 sit
1060 985 1257 1078 αὐτοχειρία,
1279 994 1414 1058 alterum
1437 995 1494 1056 vix

234 1099 382 1163 videatur
412 1099 498 1163 aliud
534 1102 742 1182 cogitandum
778 1102 836 1164 nisi
866 1101 1005 1164 incitatio
1036 1100 1109 1182 (leg
1140 1100 1186 1161 IX
1217 1102 1331 1180 872a:
1369 1091 1427 1164 ἐοίυ
1456 1097 1494 1165 δὲ

236 1195 388 1325 αὐτόχειρ
408 1203 469 1284 μὲν
489 1199 584 1292 μὴ..
601 1199 783 1306 ,βουλεύσῃ
806 1204 843 1271 δὲ
865 1201 1012 1272 θάνατον
1034 1197 1161 1284 όλλος
1148 1204 1256 1291 ετέρῳ.
1294 1206 1403 1286 872b:
1429 1200 1495 1270 είτε

236 1300 388 1392 αὐτόχειρ
410 1303 476 1374 είτε
496 1291 703 1392 βουλεύσας.
727 1313 904 1375 ibidemd:
936 1307 1036 1394 (τους)
1059 1302 1248 1395 αὐτόχειρας
1267 1306 1435 1393 φόνους.
1454 1301 1495 1396 ,ἢ

236 1407 284 1478 δι’
312 1411 571 1497 ἐπιβουλεύσεως
594 1416 790 1500 γενομένους.
834 1419 942 1498 871a:
966 1407 1139 1502 αὐτόχειρ).

321 1519 412 1601 Ergo
439 1522 529 1600 quod
557 1523 760 1604 depugnasse
789 1523 851 1585 iam
880 1522 958 1584 mihi
989 1523 1076 1584 visus
1105 1542 1193 1584 eram
1222 1541 1330 1584 rursus
1358 1520 1496 1601 emergit

234 1625 359 1686 crimen
373 1619 573 1708 βουλεύσεως
588 1627 798 1690 illustrissimo
814 1629 998 1691 testimonio
1017 1626 1196 1704 firmatum;
1220 1646 1254 1689 re
1272 1645 1348 1688 vera
1365 1634 1494 1690 curatur

236 1741 343 1792 utrum
369 1731 438 1812 ipse
467 1733 537 1814 quis
560 1753 600 1795 an
622 1734 751 1796 alterius
774 1754 837 1815 ope
860 1754 935 1798 usus
964 1735 1096 1796 caedem
1124 1730 1330 1814 perfeceritl?
1363 1729 1493 1794 Calcem

233 1835 409 1916 conspexi,
432 1836 497 1900 iam
530 1840 674 1921 tetigisse
707 1859 779 1902 eam
813 1837 889 1902 mihi
921 1838 1008 1900 visus
1042 1857 1130 1900 eram
1159 1875 1202 1882 —
1231 1857 1314 1900 nunc
1344 1837 1494 1899 recedere

233 1938 359 2020 cogor?
394 1940 510 2023 Neque
531 1964 704 2026 possumus
726 1944 943 2026 tergiversari;
976 1964 1040 2006 non
1062 1942 1198 2006 obscure
1220 1942 1312 2005 Plato
1337 1941 1494 2021 loquitur:

234 2042 326 2108 illurn
359 2047 385 2109 si
425 2067 598 2128 sequamur
636 2051 753 2112 ducem
788 2071 808 2112 a
842 2070 920 2112 vero
957 2067 1022 2111 non
1058 2047 1288 2112 aberrabimus.
1345 2045 1494 2110 Proiecto

233 2157 342 2212 toturn
372 2171 424 2214 me
448 2154 563 2217 addico
586 2156 622 2230 ei,
653 2165 751 2236 atque
773 2156 902 2236 egregie
924 2153 976 2216 ille
998 2154 1102 2235 ipsam
1124 2173 1222 2234 quarn
1242 2161 1404 2216 sectamur
1425 2172 1494 2217 rem

233 2263 352 2331 tuetur,
384 2258 483 2321 modo
510 2279 584 2322 eum
614 2262 733 2335 audias,
763 2262 862 2324 modo
894 2280 934 2322 ne
963 2267 1132 2322 contentus
1158 2260 1201 2322 sis
1224 2257 1364 2320 frustulis
1387 2258 1493 2339 parvis

234 2359 311 2422 hine
333 2362 384 2424 vel
407 2363 491 2426 illinc
513 2365 682 2448 decerptis.
726 2366 902 2447 Distinguit
923 2384 999 2426 sane
1020 2364 1154 2426 caedem
1170 2354 1357 2449 αὐτοχειρίᾳ
1373 2361 1492 2443 periec-

237 2474 306 2529 tam
336 2468 377 2530 ab
407 2489 445 2531 ea
474 2489 572 2550 quam
600 2467 779 2554 βουλεύσας
806 2472 877 2553 quis
906 2469 1060 2546 effecerit;
1093 2469 1147 2550 qui
1176 2477 1283 2532 autem
1305 2476 1417 2531 contra
1439 2487 1492 2529 me

234 2569 321 2634 hunc
350 2584 542 2655 apparatum
572 2578 724 2653 movebit,
755 2597 829 2640 eum
860 2597 972 2640 serena
1001 2574 1105 2639 fronte
1130 2596 1189 2658 per
1208 2574 1344 2637 indicem
1366 2582 1492 2635 tantum

234 2675 278 2738 ad
311 2677 477 2742 Platonem
511 2681 713 2745 descendisse
746 2692 779 2746 et
811 2702 985 2765 coarguam
1019 2690 1052 2744 et
1083 2681 1287 2743 convincam!
1321 2681 1375 2760 qui
1407 2679 1493 2742 enim

235 2779 315 2862 legit
345 2783 513 2848 Platonem
543 2806 607 2848 non
635 2789 741 2868 potuit
772 2788 1007 2870 praetervidere
1040 2785 1329 2854 luculentissimam,
1355 2786 1492 2849 duorum

234 2888 343 2950 caedis
369 2910 523 2970 generum
552 2891 801 2975 explicationem
832 2914 929 2974 quam
959 2894 990 2955 in
1018 2890 1123 2953 fronte
1148 2890 1230 2952 illius
1260 2889 1369 2971 legum
1391 2890 1491 2970 partis

236 2991 386 3056 invenies.
431 2994 607 3078 Postquam
637 2998 720 3060 enim
749 2997 842 3060 Plato
871 2999 1012 3080 quinque
1041 2996 1146 3059 divisit
1167 3015 1294 3076 genera,
1325 2993 1491 3057 diversae

234 3095 314 3161 dolo
345 3100 432 3163 malo
462 3111 560 3183 atque
588 3125 631 3166 ex
657 3102 783 3179 aflectu,
814 3103 924 3184 perfici
954 3104 1051 3166 docet
1079 3121 1192 3163 omnes
1220 3098 1337 3162 caedes
1366 3098 1490 3161 duabus

238 3201 423 3280 rationibus,
448 3207 510 3285 864
533 3229 551 3270 c
580 3231 618 3274 το
638 3209 699 3290 μὲν
721 3203 778 3274 διὰ
798 3206 919 3293 βιαίων
940 3206 998 3272 καί
1021 3206 1195 3290 ξυμφαυῶν
1216 3199 1369 3288 πράξεων
1389 3227 1490 3286 πρατ-

235 3299 370 3386 τόμευου
404 3304 603 3377 ἑκάστοτε..
623 3309 682 3378 ,τὸ
714 3312 751 3380 δὲ
780 3309 862 3389 μετὰ
894 3307 1030 3391 σκότους
1063 3309 1121 3375 καί
1152 3305 1281 3394 ἀπάτης
1318 3306 1491 3393 λαθραίως

234 3406 430 3496 χιχυόμενου.
454 3454 495 3464 -

321 3521 410 3586 Prius
439 3522 516 3585 illud
543 3521 655 3607 βίαιοι
683 3545 785 3604 genus
820 3516 1008 3612 αὐτοχειρίᾳ
1046 3469 1220 3603 respondet
1256 3518 1423 3582 manifesta
1458 3518 1490 3581 vi

236 3636 403 3708 peractum
419 3630 605 3693 verberibus
618 3639 716 3710 atque
731 3629 913 3694 vulneribus
922 3632 955 3711 ¹,)
980 3629 1079 3712 (868c
1101 3614 1280 3710 πληχαῖς”
1259 3648 1279 3711 η
1294 3647 1358 3688 ειυι
1374 3617 1488 3710 τρόπῳ

234 3729 347 3817 βιαίῳ,
382 3734 480 3816 879b
510 3733 623 3818 βίαιοι
650 3731 688 3801 τὸ
709 3738 767 3824 τῆς
789 3730 901 3813 αἰκίας
922 3736 991 3798 πᾶν
1010 3733 1128 3819 χένος);
1160 3730 1278 3794 insidiis
1307 3749 1384 3791 vero
1407 3728 1489 3792 clan-

237 3836 369 3901 destinis
398 3860 457 3903 nec
492 3839 660 3904 manifesta
688 3844 810 3905 ratione
845 3841 900 3921 qui
928 3840 1025 3903 utitur
1058 3833 1236 3922 βουλεύσας
1265 3833 1420 3897 interficit.
1446 3869 1491 3880 —

225 3939 331 4005 ¹Duae
351 3945 541 4010 rationes
563 3947 623 4010 sibi
645 3956 853 4028 opponuntur
874 3937 1097 4082 (αὐτόχειρ-
1115 3934 1313 4025 βουλεύσας).
1336 3959 1401 4001 non
1423 3939 1489 4002 duo

237 4044 438 4116 homines

324 4215 345 4284 ¹)
365 4219 484 4269 Conleras
496 4219 529 4268 de
540 4218 628 4266 hacne
639 4213 731 4264 Aesch.
748 4214 760 4262 1
777 4224 836 4275 172:
851 4207 1031 4276 Nasidianae,
1045 4247 1052 4263 .
1065 4247 1072 4262 .
1084 4205 1256 4274 τετελεύτηκε
1268 4209 1349 4275 βιαίῳ
1362 4199 1488 4272 θανάτῳ,

237 4309 364 4370 ἐκκοπεὶς
384 4304 400 4360 ό
421 4307 542 4367 δείλαιος
559 4301 737 4377 ἀμφοτέρους
754 4300 819 4362 τούς
838 4296 1007 4372 ὀφθαλμοὺς
1024 4299 1071 4351 καὶ
1089 4297 1142 4365 raia>
1159 4297 1285 4366 γλῶτταν
1303 4291 1488 4367 ἀποτμηθείς.

1247 4411 1262 4448 2
1271 4396 1285 4426 *
