3352 4994
741 303 940 364 ,40-

215 457 291 520 dicit
311 455 476 538 propriam
499 455 594 519 luisse
616 456 776 520 actionem
797 450 1004 542 βουλεύσεως,
1037 457 1100 520 hoc
1123 457 1228 521 eidem
1250 477 1315 521 non
1337 479 1473 540 possum

214 549 313 625 fidem
344 559 478 639 habere3
509 562 540 624 in
569 560 630 626 hac
659 560 729 624 sola
751 581 785 624 re
806 581 870 624 una
891 581 966 625 cum
988 562 1169 626 oratoribus
1191 563 1339 626 omnibus
1362 572 1475 627 contra

215 669 321 750 ipsum
344 686 419 728 eum
441 686 552 748 pugno
574 675 672 750 atque
695 667 835 750 reliquos
853 683 918 743 eos
943 687 1026 748 quos
1049 667 1164 730 erroris
1179 668 1228 731 sui
1245 667 1349 732 socios
1365 667 1472 732 habet.

214 774 290 836 Non
319 780 393 834 sunt
422 771 466 833 ita
494 772 602 852 pauci:
645 771 883 854 Harpocration
911 773 1066 854 Epitoma
1097 774 1164 836 eius
1194 793 1357 854 anonyma
1393 773 1475 838 Lex.

216 878 296 941 rhet.
312 875 388 958 Seg.
403 875 436 938 V
454 875 594 958 (Bekker
609 877 734 941 Anecd.
751 878 777 958 I)
793 877 908 941 Suidas
927 877 1109 960 Hesychius
1132 876 1241 942 Schol.
1260 879 1302 942 ad
1322 877 1476 946 Aeschin.

215 984 319 1065 1187.
364 979 559 1064 Quanquam
589 985 754 1046 nominum
777 982 949 1046 multitudo
971 1003 1036 1046 non
1058 993 1172 1060 terret;
1205 984 1275 1066 quis
1298 985 1391 1060 enim,
1414 1005 1475 1067 pro

217 1109 280 1151 uno
318 1087 503 1150 testimonio
543 1086 650 1150 valere
693 1108 806 1151 omnes
845 1088 988 1169 ignorat,
1031 1089 1188 1153 artissime
1227 1089 1281 1168 qui
1319 1090 1401 1152 inter
1440 1108 1476 1152 se

217 1191 410 1257 cohaerenti
454 1191 554 1274 Apud
584 1191 684 1256 hosce
713 1202 821 1256 autem
855 1193 943 1258 solos
974 1187 1142 1278 βούλευσιν
1168 1194 1326 1258 invenies:
1349 1194 1475 1270 Pollux,

218 1298 272 1381 qui
293 1317 359 1361 non
380 1296 522 1360 eiusdem
544 1305 594 1359 est
617 1295 754 1360 familiae
775 1299 816 1362 ab
839 1318 879 1361 eo
900 1318 1007 1362 errore
1029 1299 1109 1363 liber
1130 1308 1188 1368 est.
1231 1295 1236 1306 '

302 1410 449 1494 Suspicio
479 1418 587 1473 autem
618 1431 715 1492 quam
745 1432 809 1474 non
838 1431 972 1494 possum
1001 1413 1187 1496 depuguare
1222 1412 1367 1476 oboritur
1399 1411 1476 1475 mihi

217 1516 312 1580 haec:
336 1536 401 1579 non
419 1537 495 1579 casu
510 1516 671 1591 accidisse,
695 1516 784 1597 quod
800 1527 832 1581 et
849 1527 993 1581 oratores
1009 1538 1122 1582 omnes
1138 1518 1290 1582 omittunt
1305 1510 1477 1603 βούλευσιν

217 1642 322 1705 neque
344 1621 566 1704 lexicographi
588 1642 661 1684 eam
684 1622 838 1686 exhibent
859 1644 988 1703 omnes;
1011 1616 1181 1709 βούλευσιν
1202 1624 1234 1686 in
1256 1625 1323 1687 iure
1346 1622 1476 1706 capitali

218 1715 363 1810 suspicor
391 1747 462 1798 esse
491 1719 803 1811 Ρεευδοβούλευσιν,
838 1737 948 1792 natam
978 1751 1022 1792 ex
1044 1748 1160 1805 errore,
1190 1729 1279 1792 cuius
1309 1729 1475 1810 originem,

219 1853 302 1895 nunc
324 1831 479 1913 indagare
501 1832 697 1895 conabimur.

305 1945 422 2009 Tribus
456 1948 587 2010 omnino
620 1947 699 2010 locis
730 1941 900 2030 βοίλευσις
931 1949 1152 2031 exspectanda
1186 1949 1246 2012 erit
1282 1949 1314 2011 in
1351 1947 1476 2011 lexicis:

219 2053 358 2135 primum
380 2051 511 2133 quidem
533 2052 593 2115 sub
616 2053 685 2135 ipsa
706 2072 787 2117 voce
806 2048 984 2137 βοίλευσις,
1008 2049 1107 2135 quam
1127 2052 1250 2118 habent
1272 2053 1373 2136 Harp.
1389 2033 1489 2135 Epit.¹

218 2157 300 2220 Lex.
317 2157 397 2221 rhet.
421 2156 522 2226 Bekk.
545 2157 560 2219 Ι
580 2179 611 2240 p.
637 2175 694 2238 311
720 2157 825 2236 Suid.;
848 2159 1042 2223 verbotenus
1063 2157 1129 2222 fere
1151 2159 1237 2242 apud
1260 2179 1373 2224 omnes
1396 2160 1479 2224 redit

219 2264 345 2348 glossa3
368 2261 456 2344 apu'd
485 2263 775 2344 Harpocrationem
803 2265 848 2328 sic
876 2264 1008 2346 legitur:
1044 2261 1261 2350 »ἐγκλήματος
1291 2255 1394 2347 δνομα
1418 2261 1478 2330 ε’πὶ

221 2370 312 2436 δυοῖν
339 2361 532 2449 ταττόμενον
561 2365 771 2454 πραγμάτων.
802 2365 839 2436 τὸ
861 2367 921 2450 μέν
943 2363 1004 2454 γοίρ
1028 2365 1115 2434 ἐστιν
1137 2363 1215 2434 ὅταν
1238 2365 1276 2451 ἐξ
1298 2365 1480 2455 ἐπιβουλῆς

219 2472 269 2554 τίς
295 2499 361 2539 τινι
388 2469 611 2561 κατασκευάζῃ
639 2468 795 2559 θάνατον,
825 2469 882 2539 εὐίν
910 2496 945 2538 τε
972 2466 1131 2561 ἀποθάνῃ
1164 2466 1182 2539 ὁ
1212 2471 1477 2558 ἐπιβουλευθείς,

221 2574 277 2646 έαίν
298 2602 333 2645 τε
354 2577 399 2665 μή
423 2615 462 2624 -
483 2573 520 2644 τὸ
550 2571 581 2644 δ’
614 2575 721 2664 ἕτερον
751 2574 828 2644 ὅταν
848 2603 899 2658 τις
922 2577 1178 2665 ἐγγεγραμμένος
1200 2571 1244 2658 ὡς
1267 2573 1411 2669 ὀφείλων
1430 2581 1477 2666 τῷ

222 2683 370 2772 δημοσίῳ
400 2675 498 2761 αιίτδς
527 2678 701 2770 δικάζηταί
729 2707 794 2751 τινι
824 2675 868 2763 ὡς
897 2679 934 2751 οὗ
965 2682 1105 2763 δικαίως
1126 2676 1222 2752 αὐτὸν
1245 2682 1476 2772 ἒγγεγραῳότι·

222 2791 279 2856 τοῦ
309 2791 370 2872 μὲν
399 2779 456 2854 οὖν
484 2787 646 2875 προτέρου
675 2783 797 2874 μαριυς
819 2780 944 2869 Ἰσαῖος
974 2789 1008 2857 ἒν
1037 2793 1084 2878 τῷ
1105 2786 1189 2876 πρὸς
1205 2790 1392 2878 Ευκλείδην,
1416 2789 1477 2857 ε’πί

120 2949 124 2958 .
220 2893 455 2981 Παλλαδίῳ
488 2893 591 2979 λέγων
622 2886 708 2961 εἶναι
739 2889 798 2974 τὰς
832 2894 942 2982 δίκας,
979 2895 1160 2981 Δείναρχος
1187 2892 1218 2962 δ’
1253 2895 1287 2963 ἐν
1319 2899 1366 2984 τῷ
1395 2891 1479 2961 κατὰ

220 2996 364 3064 Πιστίου
395 2995 430 3064 έν
449 2992 567 3088 Ἀρείῳ
595 2996 722 3087 πσίγῳ.
759 2993 986 3088 Ἀριστοτέλης
1008 2993 1036 3067 δ
1062 2998 1096 3066 δν
1116 3005 1156 3090 τῇ
1170 2997 1359 3087 Ἀθηναίων
1380 3000 1479 3067 πολι·
1533 2995 1537 3004 ’

221 3101 294 3191 τείῳ
321 3105 367 3190 τηῖ
390 3095 503 3193 Ἰσαίῳ
531 3109 708 3195 συμφωνεῖ.
749 3105 829 3191 περί
851 3105 889 3174 δέ
909 3110 968 3174 τοῦ
996 3101 1105 3192 ἑτέρου
1136 3103 1336 3193 ἐγκλήματος
1367 3109 1479 3191 Δημο-

222 3208 344 3297 σθένης
377 3205 411 3276 ἓν
439 3213 486 3298 τῳ
514 3208 599 3278 κατὰ
623 3204 901 3297 Ἀριστογείτονος
930 3207 966 3276 δ’
987 3203 1181 3298 Ὑπερείδης
1215 3204 1246 3276 δ’
1273 3208 1307 3276 ἐν
1328 3214 1375 3298 τῷ
1395 3207 1479 3278 κατὰ

214 3309 452 3400 Ἀθηνογένους
481 3310 503 3381 σί
530 3317 607 3402 περὶ
631 3315 762 3404 ἐνέδρας
783 3318 843 3385 καὶ
865 3315 1046 3404 ἐπιβουλῆς
1066 3319 1124 3405 τῆς
1143 3311 1190 3395 είς
1211 3310 1361 3403 χρήματα
1384 3313 1480 3396 ἰδίως

221 3417 375 3504 κέχρηται
397 3423 444 3508 τῷ
466 3413 628 3504 ὀνόματι.«
670 3423 824 3507 Hesychii
845 3424 973 3488 brevior
993 3432 1042 3486 est
1064 3423 1182 3506 glossa.

307 3524 390 3588 Cum
421 3547 499 3590 vero
532 3527 689 3592 tribuatur
717 3529 801 3592 actio
833 3550 872 3593 ea
900 3538 934 3592 et
960 3528 1186 3611 Areopago
1225 3537 1258 3592 et
1288 3528 1478 3594 Palladio

221 3639 388 3714 praeterea
414 3634 632 3713 quaerendum
655 3634 715 3697 sub
737 3633 798 3699 hac
819 3644 955 3718 utraque
977 3654 1067 3726 voce.
1110 3633 1164 3697 Ac
1185 3636 1324 3718 primurn
1348 3634 1479 3716 quidem

222 3735 283 3800 sub
308 3735 522 3818 ›Areopago‹
554 3740 720 3821 perquiras
750 3740 868 3818 omnia,
891 3777 933 3788 -
956 3740 1096 3804 invenies
1119 3739 1196 3803 nihil
1218 3761 1323 3824 neque
1352 3740 1384 3802 in
1412 3736 1478 3801 ullo

222 3840 327 3904 lexico
349 3860 453 3924 neque
475 3843 562 3924 apud
591 3844 689 3908 alium
717 3855 883 3910 auctorem
912 3846 1014 3910 ullum
1039 3846 1112 3909 inde
1134 3845 1176 3909 ab
1198 3845 1380 3910 oratoribus
1402 3845 1479 3928 ipsis

223 3965 325 4028 usque
346 3946 388 4010 ad
409 3946 624 4016 Eustathium.

307 4051 376 4114 Nec
397 4051 499 4116 multo
521 4053 613 4117 aliter
635 4076 685 4121 res
707 4077 742 4120 se
764 4057 864 4120 habet
884 4057 944 4120 sub
963 4055 1160 4134 ›Palladi0‹;
1184 4057 1250 4120 duo
1263 4064 1390 4119 tantum
1405 4064 1479 4120 sunt

223 4177 241 4220 e
269 4165 359 4220 tanta
388 4158 588 4223 multitudine
622 4163 676 4244 qui
705 4162 766 4226 sub
794 4163 856 4226 hac
878 4162 988 4242 glossa
1013 4182 1085 4226 eam
1113 4162 1284 4228 exhibent:
1319 4161 1477 4242 Harpocr.

223 4257 282 4327 ἐπί
299 4262 421 4328 Παλλ.;
445 4264 665 4354 Δημοσθένης
686 4264 720 4333 ἐν
738 4269 786 4355 τῷ
805 4259 879 4334 κατ’
897 4259 1169 4353 Ἀριστοκράτους
1191 4258 1235 4346 ὥς
1256 4265 1315 4333 καί
1329 4261 1478 4351 Ἀριστο-
