3352 4994
770 286 983 351 ..39-

246 443 395 505 wieder«.
455 440 587 503 Minime
623 440 800 504 invenimus
839 461 911 504 eam
949 441 1001 504 ibi.
1059 441 1185 504 Erravit
1220 441 1365 524 Philippi,
1398 476 1438 486 -
1467 461 1507 504 ne

245 547 396 630 graviore
419 555 489 609 utar
509 544 621 621 verbo,
648 583 691 592 -
720 567 758 609 ea
787 549 872 609 enim
901 546 999 609 verba
1028 545 1098 628 ipsa
1124 566 1206 627 quae
1236 548 1364 628 respicit
1385 545 1509 610 coniec-

246 661 336 715 turae
358 651 524 725 debentur,
549 671 711 733 nunquam
734 670 794 734 pro
817 660 905 715 certo
927 651 1113 714 testimonio
1135 651 1181 714 eis
1203 650 1290 715 licuit
1305 652 1350 715 uti
1357 677 1365 727 ;
1386 653 1511 715 accedit

238 758 335 840 ,quod
366 757 549 819 coniectura
578 777 616 820 ea
642 755 683 820 U.
712 756 866 820 Koehleri
889 755 955 838 (ct'r.
979 777 1011 839 p.
1038 769 1073 836 35
1098 777 1128 818 n.
1153 758 1184 838 3)
1214 756 1351 820 refutata
1373 757 1435 819 iarn
1457 765 1508 820 est

247 872 345 945 atque
368 861 486 925 nemini
508 860 573 924 fere
596 863 691 925 hodie
714 862 878 944 probatur.
924 861 1028 926 Unico
1051 861 1146 944 igitur
1168 854 1339 944 βούλευσις
1361 860 1506 924 firmatur

247 966 350 1030 fulcro
378 967 451 1040 hoc,
483 968 571 1049 quod
595 967 703 1049 plures
726 968 914 1031 exciderunt
937 966 1047 1030 literae
1069 967 1100 1030 in
1122 966 1238 1049 lapide,
1269 986 1368 1049 quam
1392 968 1507 1048 quibus

246 1065 448 1158 βουλεύσεως
472 1092 591 1134 nomen
620 1082 757 1141 constat.
801 1073 917 1136 Talem
946 1081 1054 1136 autem
1084 1073 1109 1135 si
1132 1072 1320 1154 probaveris
1341 1093 1507 1154 argumen-

247 1179 335 1243 tandi
364 1181 535 1252 rationem,
568 1177 643 1239 nihil
671 1188 721 1242 est
751 1180 839 1259 quod
870 1197 934 1241 non
961 1178 1180 1240 demonstrem
1208 1178 1264 1242 tibi
1288 1170 1369 1240 sacili
1390 1198 1506 1259 opera:

248 1294 299 1348 sat
319 1285 404 1347 enim
427 1303 565 1364 magnae
588 1283 620 1344 in
641 1282 799 1366 lapidibus
818 1284 906 1347 hiant
928 1282 1070 1348 lacunae.

332 1395 527 1478 Quanquam
558 1416 622 1458 non
643 1405 813 1460 contentus
833 1397 991 1478 negand0,
1017 1416 1099 1458 nunc
1121 1396 1352 1460 demonstrabo
1375 1416 1408 1459 re
1429 1416 1507 1458 vera

248 1524 321 1565 reus
351 1500 454 1564 factus
484 1520 556 1563 esse
586 1521 651 1564 non
682 1498 898 1585 βουλεύσεως,
929 1502 988 1564 sed
1020 1493 1139 1585 φόνου,
1177 1502 1203 1564 si
1232 1503 1303 1583 quis
1330 1495 1508 1584 βουλεύσας

247 1605 458 1670 interiecerat.

333 1712 455 1776 Videas
478 1713 519 1774 ad
541 1712 726 1776 Platonem:
750 1711 995 1793 Euthyphronis
1017 1723 1110 1794 pater
1124 1708 1311 1794 βουλεύσας,
1330 1721 1365 1774 ut
1380 1711 1504 1794 opinor,

248 1838 313 1880 non
335 1814 421 1901 χειρί
443 1817 600 1880 interfecit
621 1817 795 1894 hominem,
819 1835 916 1897 quem
939 1817 969 1880 in
993 1817 1113 1882 sossam
1135 1818 1295 1880 abiectum
1322 1817 1406 1879 same
1420 1817 1505 1898 gelu-

246 1942 311 2003 que
330 1925 434 2004 perire
456 1943 571 2004 passus
594 1933 671 1986 erat.
715 1922 964 2004 Exspectaveris
986 1917 1184 2006 βουλεύσεως
1205 1924 1365 1986 actionem
1387 1922 1505 1986 institui

245 2027 277 2090 in
300 2049 384 2091 eum.
428 2027 476 2089 At
497 2027 590 2090 aliter
612 2048 663 2090 res
685 2048 720 2090 se
740 2026 838 2091 habet
860 2048 895 2090 re
916 2048 1001 2090 vera.
1046 2029 1119 2112 Ipse
1142 2029 1227 2092 enim
1249 2026 1466 2109 Euthyphron
1486 2049 1506 2090 a

248 2131 384 2195 Socrate
411 2133 626 2214 interrogatus
649 2126 780 2218 φόνου
809 2134 970 2196 actionem
992 2143 1104 2197 contra
1126 2143 1252 2214 patrem
1282 2133 1443 2197 illaturum
1471 2153 1507 2195 se

246 2257 318 2299 esse
348 2237 424 2299 dicit
453 2238 559 2301 verbis
581 2239 759 2304 luculentis,
801 2238 893 2300 Plato
915 2237 1012 2301 Euth,
1035 2256 1092 2316 4a.
1130 2236 1297 2302 Socrates:
1321 2232 1391 2303 ἔστι
1414 2235 1451 2301 δὲ
1472 2235 1506 2301 σι’

245 2337 283 2408 τὸ
310 2336 457 2427 {balnea
481 2342 537 2408 καὶ
565 2342 652 2423 τίνος
677 2335 697 2431 ἡ
724 2339 817 2429 δίκης
849 2341 1031 2425 Euthyphr.
1059 2335 1204 2428 φόνου,
1228 2332 1445 2425 &aaronem
1463 2382 1502 2390 —

236 2448 379 2534 'Antipln
404 2469 449 2513 or.
475 2451 522 2514 VI
544 2472 616 2514 reus
639 2471 706 2514 rem
728 2449 863 2534 perfecit
884 2441 1077 2533 βουλεύσας;
1100 2449 1200 2531 vulgo
1226 2457 1357 2532 putatur
1370 2440 1503 2533 βουλεύ-

243 2577 328 2631 σεως
350 2577 421 2619 esse
442 2577 530 2634 reus;
561 2559 649 2638 quod
673 2565 708 2618 ut
729 2555 781 2618 vel
803 2553 904 2618 semel
927 2555 957 2617 in
980 2575 1019 2616 ea
1041 2555 1185 2617 oratione
1208 2564 1355 2617 occurrat
1374 2572 1501 2628 nomen,

244 2671 369 2724 tantum
399 2661 500 2736 abest,
531 2671 565 2724 ut
587 2663 712 2724 disertis
741 2661 847 2723 verbis
873 2668 971 2741 atque
1000 2659 1163 2741 expressis
1193 2651 1296 2744 φόνου
1324 2660 1408 2723 actio
1433 2658 1503 2722 sola

245 2775 533 2828 commemoretur:
559 2769 630 2845 ᾖσε
654 2760 755 2848 φόνου
780 2759 960 2843 διώκοντες.
998 2766 1018 2844 ἓ
1036 2764 1086 2844 36,
1109 2780 1168 2842 42:
1193 2756 1294 2849 φόνου
1310 2762 1395 2850 δίκη.
1411 2803 1451 2812 -
1468 2763 1502 2827 Si

246 2870 317 2950 quis
339 2871 453 2933 iniusta
472 2872 674 2934 accusatione
696 2871 836 2952 aliquem
858 2870 993 2946 sustulit,
1017 2871 1138 2952 quippe
1159 2890 1233 2932 cum
1256 2890 1321 2932 non
1341 2867 1426 2952 χειρὶ
1451 2890 1502 2933 oc·
1586 2954 1589 2960 Ι

245 2975 366 3050 ciderit,
382 2972 585 3060 βουλεύσεως
599 2975 745 3040 videatur
759 2995 847 3052 reus;
865 2985 898 3038 at
914 2976 1030 3038 diserte
1049 2975 1089 3037 de
1104 2968 1207 3060 φόνου
1222 2975 1348 3038 actione
1362 2975 1502 3057 loquitur

244 3081 322 3144 Ant.
340 3081 372 3143 V
391 3095 446 3162 59:
471 3076 558 3147 πολὺ
580 3072 620 3145 ὃν
641 3077 847 3165 δικαιότερον
867 3072 983 3164 ἃλοίης
1003 3083 1060 3145 τοῦ
1080 3073 1208 3168 φόνου
1232 3076 1289 3160 ἐμὲ
1303 3073 1502 3158 ἀποκτείνας

245 3189 299 3268 (sc.
331 3208 390 3269 per
410 3188 713 3252 condemnationem
736 3187 898 3267 iniustam)
925 3179 992 3250 ὑπὸ
1019 3187 1083 3250 σῶν
1111 3180 1186 3265 ἐμοὶ
1220 3179 1452 3269 προσηκόνσων
1480 3175 1501 3272 ἢ

245 3286 310 3374 ἐγὼ
335 3285 403 3358 ὑπὸ
432 3295 493 3359 σοῦ
522 3291 581 3359 καὶ
609 3293 674 3358 τῶν
701 3287 826 3359 ἐκείνου
851 3283 1047 3376 ἀναγκαίων.
1074 3328 1114 3339 -
1137 3290 1252 3373 Neque
1281 3289 1373 3354 aliter
1393 3311 1443 3354 res
1465 3311 1501 3354 se

244 3396 342 3460 habet
368 3400 399 3462 in
429 3399 626 3463 orationibus
656 3399 804 3463 omnibus
835 3417 924 3480 quas,
954 3397 980 3460 si
1010 3397 1139 3479 quidem
1169 3395 1227 3458 luit
1249 3415 1288 3458 ea
1309 3395 1409 3470 actio,
1440 3395 1500 3460 sub

244 3503 372 3564 nomine
401 3497 602 3585 βουλεύσεως
629 3504 754 3566 habitas
780 3524 852 3566 esse
875 3503 1054 3566 necessario
1076 3501 1301 3570 censuerimus.
1344 3501 1394 3565 Re
1415 3521 1500 3576 vera,

235 3627 373 3689 semper
400 3609 432 3671 in
460 3610 616 3673 eiusmodi
644 3610 772 3696 casibus
800 3603 901 3696 φόνου
931 3609 1015 3672 actio
1044 3607 1187 3670 instituta
1215 3617 1265 3671 est
1287 3628 1352 3670 non
1373 3599 1501 3692 βουλεύ-

244 3734 334 3791 σεως,
357 3733 441 3794 quae
462 3715 605 3778 inaudita
625 3735 757 3798 prorsus
779 3725 829 3778 est
849 3717 881 3778 in
902 3713 1015 3797 capitis
1038 3714 1149 3787 causis
1173 3733 1256 3793 quae
1277 3713 1502 3776 molestissima

244 3828 329 3881 esset
358 3828 456 3899 atque
477 3821 637 3884 erroribus
659 3840 761 3904 prona
779 3830 914 3904 propter
935 3818 1108 3902 gemellam
1134 3819 1164 3881 in
1187 3819 1282 3883 rebus
1305 3817 1501 3892 foenerariis;

243 3944 482 4004 supervacanea
514 3936 564 3989 est
598 3927 742 4009 insuper,
780 3927 933 4007 quoniam
962 3946 981 3988 e
1008 3924 1081 4006 lege
1107 3923 1299 3986 Andocidea
1327 3925 1368 3986 ad
1398 3918 1499 4010 φόνου

242 4029 332 4110 leges
354 4030 481 4094 reicitur
499 4031 681 4113 quicunque
703 4025 880 4113 βουλεύσας
901 4027 1067 4095 interfecit.
1089 4066 1132 4075 —

327 4143 465 4208 Tutatus
484 4165 555 4208 sum
571 4144 861 4228 Harpocrationem
883 4146 915 4208 in
930 4164 1057 4208 summa
1073 4163 1115 4218 re,
1139 4141 1357 4206 definitionem
1372 4140 1499 4205 sceleris

241 4249 283 4312 ab
314 4270 354 4313 eo
383 4252 502 4333 accepi,
526 4251 640 4314 retinui
662 4252 784 4334 duplex
805 4252 893 4333 quod
914 4257 1051 4313 testatur
1077 4249 1242 4326 iudicium;
1273 4248 1361 4329 quod
1390 4255 1500 4310 autem
