3352 4994
727 329 939 391 „31-

200 487 337 550 crimina
367 493 557 568 competunt
565 486 600 566 ¹).
644 484 795 564 Namque
826 503 865 546 ea
897 483 978 546 inter
1010 482 1118 545 omnia
1151 481 1264 544 iudicia
1296 481 1463 544 intercedit

202 592 301 666 ratio,
340 600 376 655 ut
405 589 546 672 priorem
576 589 663 672 quod
693 588 818 652 obtinet
847 587 954 650 locum
983 587 1138 650 maiorem
1167 586 1286 649 habeat
1312 586 1462 669 puniendi

205 705 419 780 potestatem;
447 714 526 775 ergo
557 695 587 756 in
616 693 805 775 Areopag0,
829 693 917 755 cuius
938 694 1112 756 auctoritas
1133 691 1224 755 iacile
1247 711 1373 755 summa
1394 691 1460 766 erit,

200 822 311 885 poena
348 800 461 883 capitis
498 798 701 880 infligebatur
735 817 807 874 reo,
842 796 943 860 levior
977 799 1008 860 in
1044 796 1186 860 Palladio
1216 798 1310 862 exilii.
1369 796 1462 878 Quae

211 928 285 971 cum
307 907 352 971 ita
381 908 444 969 sint
466 925 530 968 non
552 913 662 986 potest
673 903 810 966 dubitari
827 903 904 984 quin
918 904 1005 984 apud
1020 902 1237 984 Areopagitas
1251 902 1462 986 Antiphontis

199 1033 252 1076 or.
276 1012 290 1076 I
311 1011 421 1074 habita
443 1011 491 1074 sit.

290 1115 412 1180 Contra
453 1114 591 1197 Philippi
635 1115 767 1177 invitum
808 1133 906 1194 quam
946 1113 1087 1176 maxime
1124 1122 1273 1176 coactum
1315 1133 1350 1175 se
1392 1133 1462 1175 esse

156 1267 162 1278 ·
199 1222 353 1304 ratetum)
383 1230 418 1284 ut
445 1220 587 1283 Palladio
618 1219 772 1282 tribueret
794 1218 902 1280 omnia
923 1218 1054 1281 crimina
1075 1211 1284 1300 βουλεύσεως,
1315 1219 1462 1299 quamvis

201 1349 279 1391 cum
313 1325 390 1390 dolo
424 1326 511 1388 malo
549 1333 655 1388 essent
692 1325 879 1387 commissa:
903 1321 986 1386 hanc
1022 1324 1125 1405 ipsam
1160 1322 1244 1385 enim
1282 1325 1461 1386 orationem

202 1433 296 1516 (Ant.
320 1433 347 1513 I)
378 1430 466 1493 nullo
496 1429 595 1493 modo
618 1429 796 1511 Areopago
825 1449 923 1510 posse
944 1429 1048 1492 tribui.
1093 1427 1249 1508 Magnum
1271 1427 1303 1489 id
1325 1429 1463 1490 estsine

198 1538 322 1614 dubio;
352 1537 396 1599 ita
425 1535 510 1598 enirn
539 1535 677 1617 primum
707 1535 835 1614 quidem
865 1533 1045 1596 videremus
1076 1533 1143 1596 sine
1171 1532 1236 1594 ulla
1264 1539 1342 1594 sana
1364 1553 1462 1596 causa

201 1644 374 1706 recessisse
395 1639 611 1703 Athenienses
632 1659 652 1702 a
673 1639 795 1701 ratione
817 1638 987 1701 iustissima
1008 1659 1046 1701 ea
1064 1675 1102 1685 -
1118 1658 1138 1701 e
1152 1637 1317 1701 voluntate
1332 1639 1463 1700 crimina

199 1747 422 1819 distribuendi,
447 1745 625 1808 -deinde
654 1745 834 1807 videremus
863 1763 898 1804 re
918 1763 995 1806 vera
1024 1743 1169 1825 Ephetas
1197 1744 1350 1826 capitis
1372 1763 1462 1807 reum

205 1853 350 1937 potuisse
372 1851 604 1914 condemnare!
626 1886 668 1896 -
690 1847 806 1929 Qualia
829 1856 936 1910 autem
959 1849 1021 1912 sint
1043 1849 1173 1911 tandem
1193 1848 1260 1911 eius
1275 1858 1464 1930 argumenta

201 1959 269 2022 iam
292 1956 480 2020 videbimus.

290 2061 403 2145 Atque
426 2062 564 2144 primum
588 2058 716 2139 quidem
738 2077 836 2120 unum
860 2077 902 2120 ex
923 2058 994 2141 ipsa
1015 2059 1137 2141 profert
1152 2061 1311 2138 oratione;
1336 2059 1464 2141 respicit

201 2169 246 2230 ad
276 2169 415 2231 iudicum
445 2165 682 2238 allocutionem,
712 2164 785 2226 inde
814 2163 899 2225 enim
929 2162 1019 2227 facile
1048 2173 1081 2227 et
1103 2166 1277 2228 certissime
1300 2184 1398 2247 posse
1420 2165 1463 2227 di·

206 2275 328 2352 gnosci,
349 2274 410 2336 utri
432 2272 547 2334 iudicio
571 2269 733 2352 quaelibet
755 2268 857 2331 oratio
879 2271 1057 2332 conveniat.
1096 2268 1231 2332 Secutus
1253 2270 1336 2331 enim
1360 2270 1461 2332 Maur.

210 2377 317 2441 Herm.
352 2377 412 2441 Ed.
446 2377 635 2455 Meierum3)
665 2375 761 2437 docet
795 2393 870 2447 nos,
904 2395 922 2434 e
954 2395 1111 2438 consensu
1145 2375 1288 2438 omnium
1319 2394 1402 2455 quae
1432 2376 1464 2438 in

209 2483 388 2567 Areopago
420 2481 547 2546 habitae
584 2481 647 2543 sint
682 2479 863 2543 orationum
893 2499 953 2562 pro
983 2480 1310 2544 certodemonstrari
1344 2480 1463 2542 »Areo-

207 2591 336 2671 pagitas
364 2609 429 2651 non
460 2587 603 2670 potuisse
625 2585 779 2668 appellari
802 2585 861 2647 nisi
886 2569 931 2650 »ὦ
953 2585 1072 2668 βουλή<<
1085 2614 1095 2666 ‚·
1128 2607 1202 2649 cum
1231 2595 1339 2650 autem
1360 2587 1463 2648 oratio

207 2695 286 2758 Ant.
316 2695 331 2756 Ι
361 2694 444 2757 hanc
472 2692 643 2756 formulam
672 2711 750 2754 non
780 2689 948 2765 exhibeat,
982 2712 1046 2754 non
1076 2712 1172 2774 posse
1194 2713 1267 2755 eam
1284 2677 1464 2772 Areopago

205 2799 311 2862 tribui.
354 2798 448 2873 Sane,
473 2817 537 2862 non
563 2796 767 2878 appellantur
790 2797 909 2858 iudices
932 2781 958 2860 (ἶ
982 2796 1093 2878 βουλή,
1112 2807 1220 2860 tamen
1243 2797 1364 2871 dubito,
1388 2815 1464 2857 num

205 2904 350 2968 Palladio
382 2904 552 2967 convenire
585 2921 657 2964 eam
689 2901 868 2964 orationem
903 2900 1061 2984 Philippio
1096 2904 1290 2979 concedam;
1324 2920 1464 2983 namque

203 3008 450 3090 aliquantulum,
474 3017 510 3071 ut
531 3008 654 3090 opinor,
679 3028 718 3069 ea
740 3026 870 3088 quoque
891 3007 1000 3070 valent
1012 3016 1201 3090 argumenta
1215 3027 1298 3088 quae
1315 3006 1463 3086 equidem

203 3115 346 3194 exposui
369 3134 474 3196 neque
497 3133 561 3176 uno
583 3111 914 3200 pulsanturverbulo.

294 3219 363 3282 Iam
385 3239 473 3293 veru,
498 3239 537 3281 ne
559 3228 681 3281 temere
702 3219 779 3281 illud
801 3216 1002 3279 allocutionis
1022 3217 1241 3281 testimonium
1263 3217 1464 3298 praeteriisse

209 3323 385 3396 videamur,
410 3324 605 3404 inquiramus
627 3344 698 3405 age,
723 3331 803 3405 quot
824 3323 886 3384 sint
912 3342 1060 3385 »omnes«
1086 3322 1158 3386 illae
1181 3323 1341 3385 orationes
1362 3321 1464 3384 Areo-

203 3429 377 3510 pagiticae,
395 3430 576 3510 quibusque
591 3429 774 3491 auctoribus
793 3426 1015 3510 conscriptae?
1038 3437 1103 3491 tres
1125 3435 1250 3490 tantum
1271 3428 1463 3508 seruntur⁴);

208 3533 306 3596 trium
341 3554 452 3597 earum
487 3535 630 3596 omnium
659 3553 740 3595 unus
770 3541 820 3595 est
845 3541 959 3596 auctor
987 3532 1112 3614 Lysias.
1163 3532 1232 3594 Iam
1261 3533 1378 3597 labitur
1401 3532 1465 3594 hoc

300 3785 320 3852 ¹)
340 3787 510 3848 Schoemann,
530 3786 618 3850 Antiq.
638 3785 685 3835 iur.
705 3785 777 3851 publ.
798 3784 889 3835 Graeci
906 3802 931 3850 p.
952 3798 1002 3848 294
1022 3784 1211 3834 »condemnatis
1229 3800 1354 3834 summum
1370 3778 1464 3848 suppli·

204 3874 278 3924 cium
296 3875 391 3941 imponi
409 3890 462 3924 non
479 3875 589 3939 potuisse
606 3873 719 3923 videtur«
739 3871 777 3937 (in
794 3873 856 3922 Pall.
875 3873 923 3922 vel.
941 3860 1058 3938 Delph.).

297 3961 319 4029 ²)
340 3965 384 4014 Ar.
402 3979 426 4013 u.
445 3962 511 4027 Eph.
528 3979 555 4027 p.
576 3973 616 4028 50.
1333 4024 1338 4032 .

298 4049 320 4115 3)
337 4052 424 4112 Meier,
451 4053 493 4100 De
514 4051 588 4101 bonis
612 4052 723 4100 damnat.
741 4051 830 4100 adnot.
851 4061 880 4115 51
901 4067 927 4115 p.
946 4062 986 4100 21.
1023 4053 1229 4113 Forchhammer,
1249 4053 1275 4101 d.
1296 4053 1392 4116 Areop.
1411 4066 1464 4098 non

209 4138 277 4202 priv.
297 4155 323 4203 p.
340 4139 383 4201 36.
420 4140 534 4188 Mfitzner
552 4138 611 4188 282.
648 4139 768 4204 Philippi,
789 4141 834 4189 Ar.
854 4155 880 4188 u.
900 4140 968 4204 Eph.
989 4157 1014 4205 p.
1034 4154 1065 4201 41
1086 4141 1131 4192 cir.
1153 4158 1179 4206 p.
1197 4155 1238 4205 33.

298 4225 320 4290 4)
339 4228 397 4291 Lys.
416 4243 453 4278 or.
471 4229 513 4278 111
530 4226 616 4277 habita
634 4233 692 4291 post
709 4245 732 4277 a.
750 4241 810 4292 393,
830 4243 866 4277 or.
884 4227 931 4287 IV,
951 4243 989 4277 or.
1009 4229 1062 4281 VII
1079 4238 1137 4294 post
1155 4246 1178 4279 a.
1196 4241 1254 4294 397.
