3352 4994
727 253 940 316 „34-

293 404 327 468 Si
350 415 459 468 autem
481 427 515 469 re
530 427 606 470 vera
627 410 804 474 voluissent
825 405 1042 471 Athenienses
1065 427 1122 472 eos
1145 408 1286 471 eximere
1303 428 1321 470 e
1337 408 1472 490 reliquis

208 531 318 587 casus,
346 511 400 574 ubi
425 511 515 593 ipse
541 514 612 594 quis
640 534 798 578 venenum
828 512 983 587 dedisset,
1013 522 1083 577 tum
1110 523 1145 577 ut
1174 513 1290 595 opinor
1319 534 1383 576 non
1412 513 1467 577 oh

209 637 300 680 scure
323 616 380 679 sed
403 616 570 681 luculentis
592 619 698 683 verbis
720 619 891 682 dixissent:
916 613 973 682 ἒάν
993 641 1043 697 τις
1060 609 1238 707 ἀποκτείνῃ
1261 613 1337 698 δοὺς
1362 611 1467 698 αύσός.

292 722 382 803 Ergo
412 721 491 784 haec
521 723 652 803 quidem
682 746 747 788 non
776 726 914 787 vincunt.
958 723 1107 788 Noverca
1130 726 1161 787 in
1183 725 1362 806 Areopago
1385 747 1473 813 φαρ-

210 821 324 910 μάκων
350 836 500 890 accusata
529 838 594 906 est;
626 832 675 894 cui
707 829 821 893 iudicio
847 829 956 892 omnia
984 841 1174 912 competunt
1203 831 1335 894 crimina
1357 840 1469 892 contra

209 935 309 996 vitam
331 931 477 1006 hominis,
502 952 586 1013 quae
609 945 683 999 sunt
704 955 778 998 cum
799 934 906 997 malo
929 934 1026 997 dolo
1042 935 1224 998 commissa.
1262 935 1374 1017 Atque
1389 936 1474 998 haec

210 1039 339 1121 quidem
371 1037 413 1100 de
441 1039 622 1102 voluntario
644 1033 843 1124 βουλεύσεως
863 1060 981 1122 genere
1004 1049 1037 1102 et
1057 1041 1098 1102 de
1120 1039 1309 1121 Areopago.

294 1164 511 1226 Transeamus
534 1185 617 1228 nunc
639 1167 679 1228 ad
696 1165 833 1228 alterurn
848 1186 950 1248 genus
965 1167 1032 1228 sine
1048 1164 1134 1227 malo
1150 1163 1226 1226 dolo
1241 1165 1450 1228 commissum
1459 1185 1471 1243 ;

210 1270 299 1352 quod
321 1271 450 1352 quidem
471 1289 513 1332 ex
535 1271 697 1345 universa,
729 1291 826 1353 quarn
848 1273 995 1334 novimus
1018 1271 1081 1333 iam
1104 1269 1305 1332 distinctione
1325 1268 1473 1331 Palladio

211 1377 309 1441 debet
331 1375 510 1440 convenire.

296 1479 430 1544 Summa
457 1489 565 1543 autem
595 1482 626 1544 in
648 1482 709 1544 hac
731 1501 765 1543 re
788 1477 960 1543 difficultas
981 1480 1087 1562 posita
1109 1488 1159 1542 est
1178 1479 1209 1541 in
1231 1498 1281 1547 eo,
1304 1497 1381 1540 num
1402 1496 1470 1540 orn·

213 1591 288 1651 nino
311 1585 444 1668 cogitari
474 1585 545 1665 quis
575 1587 677 1668 possit
706 1579 884 1667 βουλεύσας
912 1583 1107 1647 interfecisse
1137 1584 1225 1646 sine
1247 1582 1472 1645 voluntate

212 1688 411 1774 (ἀκουσίως).
448 1690 603 1754 Exercuit
624 1689 770 1754 homines
790 1691 905 1752 doctos
919 1691 960 1753 de
975 1688 1036 1753 hac
1054 1690 1271 1753 controversia
1286 1688 1474 1752 dubitantes

211 1796 366 1881 imprimis
388 1794 600 1877 Antiphontis
621 1817 667 1859 or.
692 1795 761 1877 (VI)
785 1795 825 1857 de
848 1796 1018 1872 choreuta;
1041 1815 1182 1877 namque
1204 1795 1247 1858 ibi
1268 1796 1354 1858 idern
1368 1795 1472 1857 homo

211 1903 252 1966 ab
282 1901 395 1963 iisdem
418 1909 451 1964 et
472 1893 648 1983 βουλεύσας
670 1903 702 1984 (ξ
729 1901 778 1981 16)
801 1901 914 1964 dicitur
934 1899 1128 1966 interfecisse
1152 1909 1185 1964 et
1207 1890 1281 1966 οίνυυ
1310 1896 1475 1985 προνοίας

211 2011 244 2089 (ξ
263 2008 323 2087 19).
360 2005 448 2068 Dum
463 2002 630 2089 βουλεύειν
645 2007 841 2070 intellectum
857 2015 906 2069 est
920 2035 962 2060 =
982 2006 1159 2081 »incitare«,
1183 2006 1470 2069 contradictionem

211 2133 251 2176 ea
272 2111 371 2175 verba
392 2110 560 2193 proferunt
578 2123 733 2195 apertam,
757 2112 789 2174 id
811 2111 900 2192 quod
922 2131 1020 2193 supra
1041 2111 1259 2174 demonstravi
1281 2113 1326 2194 (p.
1345 2111 1384 2192 3).
1422 2109 1474 2172 In-

211 2217 320 2281 citatio
333 2218 411 2280 'sine
432 2217 598 2282 voluntate
621 2239 692 2282 esse
715 2218 846 2280 omnino
862 2216 948 2279 nulla
963 2225 1088 2299 potest;
1112 2236 1217 2298 neque
1232 2216 1327 2297 igitur
1342 2214 1474 2298 placent

214 2321 346 2386 artificia
369 2322 484 2404 quibus
507 2323 558 2386 alii
580 2323 671 2388 aliter
693 2321 862 2385 conciliare
885 2342 923 2384 ea
938 2323 1019 2384 inter
1032 2341 1068 2383 se
1083 2322 1190 2384 conati
1205 2322 1318 2402 sunu).
1358 2317 1471 2384 Solam

213 2449 297 2510 quae
320 2427 392 2491 ferri
415 2428 520 2508 potuit
542 2428 716 2492 solvendae
739 2427 831 2489 huius
852 2425 1049 2489 difficultatis
1066 2425 1150 2488 viam
1173 2425 1324 2488 indicavit
1349 2423 1475 2486 Boeck—

212 2535 283 2598 hius
313 2534 387 2614 (ind.
412 2532 517 2596 Berol.
546 2531 654 2616 18²⁶i27)
678 2582 684 2595 .
709 2531 896 2614 Suspicatur
924 2531 976 2594 iiie
1005 2551 1039 2594 re
1068 2551 1144 2593 vera
1172 2532 1311 2612 primum
1341 2528 1472 2611 quidem

213 2647 417 2702 accusatores
432 2639 638 2713 concessisse,
656 2657 754 2701 casu
770 2645 907 2699 mortem
923 2636 1013 2718 pueri
1028 2636 1196 2712 accidisse;
1212 2655 1351 2718 namque
1361 2634 1472 2696 statim

212 2754 288 2827 post
323 2752 462 2807 mortem
496 2743 630 2807 Diodoti
665 2743 772 2825 pacati
805 2749 896 2804 erant
927 2743 961 2822 (ἓ
984 2743 1053 2822 39);
1087 2751 1202 2823 postea
1232 2760 1310 2804 vero
1345 2749 1472 2803 mutata

216 2851 373 2913 sententia
403 2849 563 2912 actionem
603 2848 774 2911 instituisse
807 2866 880 2921 eos,
918 2855 1089 2928 arguentes
1125 2867 1215 2910 reum
1251 2837 1475 2931 βουλεύσαντα

217 2956 351 3020 Diodoti
385 2963 524 3017 mortem
552 2952 736 3035 effecisse2).
788 2950 842 3017 Sic
871 2953 1029 3015 conciliari
1058 2952 1195 3016 fortasse
1223 2961 1359 3032 possunt
1388 2969 1475 3032 quae

214 3062 363 3124 dixerant
399 3059 571 3122 adversarii
601 3061 621 3139 ἓ
654 3058 691 3120 16
720 3067 753 3120 et
785 3074 839 3139 193
870 3066 968 3138 atque
997 3057 1067 3120 sola
1096 3056 1176 3121 haec
1205 3058 1264 3119 erit
1293 3057 1383 3129 ratio,
1412 3056 1473 3118 nisi

214 3165 297 3229 forte
319 3164 390 3245 'quis
420 3184 493 3226 cum
522 3163 708 3246 Wagenero
741 3164 782 3227 ad
816 3163 847 3226 id
878 3163 965 3245 quod
995 3181 1159 3244 nunquam
1188 3159 1296 3224 deficit
1323 3159 1475 3223 ultimum

214 3271 338 3354 refugit,
367 3280 403 3334 ut
431 3278 535 3332 totam
565 3269 741 3332 orationem
771 3267 891 3332 insulso
921 3267 1039 3331 tribuat
1069 3266 1206 3344 falsari0,
1236 3266 1287 3330 cui
1310 3265 1399 3328 nulla
1417 3267 1471 3329 ab·

213 3377 350 3440 surditas
384 3395 448 3438 non
480 3373 583 3456 possit
615 3373 763 3455 imputari
772 3376 802 3455 ³).
864 3373 955 3436 Haec
989 3373 1118 3455 quidem
1152 3371 1310 3435 sententia
1343 3372 1474 3448 nemini,

302 3630 322 3696 ¹)
342 3632 432 3680 Velut:
466 3632 642 3692 Schoemann,
671 3631 784 3681 Berliner
807 3631 894 3696 Jahrb.
921 3631 939 3682 f.
963 3629 1107 3680 wissensch.
1132 3629 1225 3680 Kritik.
1267 3627 1332 3694 1839
1356 3646 1383 3694 p.
1408 3642 1474 3692 494:

217 3721 302 3771 »nicht
325 3719 400 3769 allein
418 3720 566 3785 Anstiftung
584 3718 653 3768 einer
672 3719 800 3769 todlichen
818 3719 962 3784 Handlung
980 3719 1090 3769 sondern
1108 3717 1257 3783 Anstiftnng
1279 3718 1347 3768 einer
1368 3717 1472 3767 solcheu

214 3810 366 3873 Handlung,
383 3809 424 3857 die
439 3810 508 3859 ohne
520 3808 646 3874 geradezu
658 3807 754 3857 tddlich
766 3823 796 3856 zu
808 3807 861 3858 sein
874 3807 927 3856 und
938 3807 1007 3858 ohne
1020 3807 1098 3857 selbst
1107 3808 1157 3857 den
1167 3808 1224 3857 Tod
1237 3824 1267 3857 zu
1276 3807 1426 3858 bezwecken
1438 3832 1474 3844 -

214 3897 333 3948 dennoch
359 3897 503 3962 zufiillig
530 3898 583 3946 und
610 3897 691 3946 durch
716 3896 937 3946 Hinzutreten
961 3896 1315 3960 unvorhergesehener
1339 3894 1477 3944 Zufiille

214 3988 264 4037 den
283 3987 342 4036 Tod
366 4002 409 4034 zur
424 3986 506 4050 Folge
523 3985 619 4050 gehabt
636 3985 705 4036 hate.
741 3984 810 4048 Quid
828 3985 871 4043 ira,
891 3984 969 4044 dicas,
989 4000 1041 4034 non
1060 3993 1097 4034 est
1113 3979 1272 4049 βούλευσιςλ

300 4074 322 4140 ²)
339 4076 484 4124 Maetznero
505 4071 622 4138 (Antiph.
641 4072 702 4140 260)
719 4074 840 4139 probatur
858 4073 979 4124 Boeckhii
997 4074 1127 4124 sententia.

301 4161 322 4229 3)
340 4163 477 4228 Wagener,
497 4149 582 4213 Iitude
600 4178 642 4213 sur
659 4162 844 4212 l’authenticite
867 4161 902 4210 du
917 4162 1029 4212 discours
1046 4163 1208 4229 d¹Antiphon
1226 4178 1256 4213 π.
1274 4177 1296 4212 r.
1310 4177 1374 4230 χορ.
1388 4176 1413 4224 p.
1430 4167 1471 4222 15:

211 4251 242 4316 Je
267 4267 299 4300 ne
324 4251 379 4302 vois
401 4259 480 4317 quant
505 4248 520 4301 t
542 4252 594 4300 moi
619 4265 699 4302 aucun
724 4267 815 4313 moyen
837 4251 962 4301 rationnel
987 4252 1018 4300 de
1043 4251 1117 4302 sortir
1140 4251 1172 4300 de
1196 4257 1262 4300 cette
1279 4245 1476 4300 contradiction.
