3352 4994
778 363 964 427 ,7-

241 534 338 577 nemo
358 524 500 590 vocatur,
523 535 626 595 neque
648 519 810 596 quaeritur
831 518 972 580 omnino.
1011 515 1106 596 Quid,
1132 517 1219 597 quod
1236 517 1398 580 dubitatur
1421 539 1497 580 num

242 621 332 702 ipse
366 617 502 683 fortasse
524 641 597 683 reus
617 639 775 684 venenum
798 621 962 705 dederit§
993 638 1046 702 17:
1077 617 1248 687 αἰτιῶνται
1272 619 1309 687 δὲ
1329 605 1418 686 οὗτοι
1438 620 1498 704 μὲν

243 715 286 802 ὡς
316 707 441 804 οὗτοςῑ)
472 719 633 790 κελεύσειε
655 729 747 790 πιεῖν
765 719 821 792 τὸν
842 727 952 793 παῖδα
974 721 1012 793 τὸ
1034 723 1209 812 φάρμακον
1231 717 1252 815 ἢ
1274 718 1453 813 ἠνάγκασεν
1475 717 1496 814 ἢ

242 823 377 896 idunan!
417 829 481 912 Qui
504 831 606 911 igitur,
638 833 664 894 si
686 831 852 913 vulgatam
881 826 1083 916 βουλεύσεως
1111 831 1329 896 definitionem
1360 842 1495 909 tuemur,

242 935 295 1017 qui
321 937 425 1016 potuit
453 933 536 1010 fieri,
572 944 607 999 ut
634 936 823 1000 incitationis
852 939 900 1014 ad,
923 938 1057 1000 caedem
1087 947 1177 999 actor
1208 936 1431 1001 accusaretur?
1455 967 1499 982 ·—

241 1039 356 1120 Neque
384 1040 416 1102 in
438 1040 584 1122 Lysiacis
613 1041 810 1105 orationibus
832 1042 957 1106 duabus
979 1044 1020 1106 de
1043 1041 1224 1105 incitatione
1247 1043 1366 1124 agitur;
1390 1062 1497 1122 quem-

241 1165 316 1207 nam
345 1163 468 1226 quaeso
496 1146 537 1208 ad
568 1147 700 1210 caedem
731 1147 893 1228 instigavit
915 1147 1156 1222 Eratosthenes,
1184 1168 1281 1228 quem
1314 1148 1496 1229 Aguratusl

244 1249 393 1330 equidem
415 1250 537 1314 nullum
559 1271 694 1332 possum
716 1252 864 1319 invenire.

325 1353 391 1418 Sed
420 1356 501 1420 haec
529 1357 692 1420 hactenus.
744 1357 855 1420 Habes
883 1359 1066 1439 expositam
1089 1358 1273 1439 opinionem
1296 1378 1379 1439 quae
1401 1358 1497 1420 hodie

242 1469 355 1541 regnat
383 1461 415 1523 in
446 1462 686 1543 quaestionibus
716 1462 756 1524 de
785 1463 930 1526 caedium
953 1462 1082 1538 iudiciis,
1113 1464 1144 1525 in
1165 1464 1308 1527 tractatis
1328 1462 1495 1538 historicis,

244 1566 275 1627 in
297 1574 463 1630 oratorum
485 1567 675 1630 editionibus
697 1567 868 1649 plerisque.

325 1671 400 1735 Non
431 1691 494 1734 una
520 1680 644 1736 tantum
674 1693 692 1735 e
720 1683 812 1754 parte
842 1673 989 1736 laborare
1018 1693 1091 1735 eam
1122 1672 1258 1736 fortasse
1286 1673 1349 1735 iarn
1379 1693 1421 1734 ex
1449 1673 1496 1735 eis

240 1777 387 1856 apparuit
410 1796 492 1858 quae
515 1778 635 1858 passim
657 1778 708 1860 hic
730 1779 781 1842 vel
803 1778 867 1844 illic
889 1779 1013 1856 monui;
1037 1799 1121 1842 nunc
1135 1780 1186 1841 via
1201 1788 1234 1842 et
1248 1779 1369 1842 ratione
1386 1786 1498 1840 contra

240 1899 312 1942 earn
335 1883 530 1963 progrediar.

767 2023 974 2032 ‚—-—......

326 2163 406 2245 Quis
435 2165 565 2228 tandem
589 2202 628 2214 —
652 2166 715 2229 hoc
748 2167 885 2249 primum
916 2187 1036 2247 quaero
1058 2201 1099 2211 -
1123 2167 1193 2246 quis
1221 2160 1421 2247 βουλεύσεως
1449 2186 1497 2238 ac,-

239 2269 358 2332 tiunem
381 2269 559 2333 institutam
581 2293 653 2335 esse
674 2281 809 2336 testatur
831 2275 862 2334 in
885 2293 968 2348 eum,
991 2271 1045 2352 qui
1067 2271 1202 2332 alterum
1225 2271 1422 2334 incitaverit?

324 2374 449 2437 Audias
474 2376 774 2457 Harpocrationem,
805 2377 858 2456 qui
881 2377 1002 2458 primus
1025 2375 1199 2438 audiendus
1220 2385 1278 2451 est,
1302 2376 1421 2457 quippe
1442 2376 1497 2455 qui

238 2479 326 2543 solus
356 2480 493 2544 criminis
521 2481 604 2544 illius
636 2491 669 2546 et
697 2503 815 2544 nomen
842 2481 985 2563 proferat
1013 2490 1047 2544 et
1075 2480 1308 2557 definitionem
1339 2481 1415 2543 dicit
1444 2480 1497 2542 ille

239 2585 368 2665 quidem
399 2587 479 2650 haec
509 2607 533 2650 s.
566 2609 595 2654 v.
625 2582 839 2671 βουλεύσεως;
880 2581 1099 2674 »ἐγκλήματος
1128 2577 1231 2668 ύυομα
1256 2637 1262 2648 .
1288 2637 1322 2648 ..
1355 2581 1431 2652 ὅταν
1460 2583 1498 2666 ἐξ

239 2686 420 2779 ἐπιβουλῆς
441 2689 490 2770 τίς
510 2715 575 2757 πιυι
598 2687 824 2780 κατασκευάσῃ
847 2687 1010 2758 &daurom
1035 2692 1197 2755 luculenta
1218 2703 1292 2756 sunt
1313 2693 1380 2755 eius
1398 2693 1496 2754 verba

243 2796 286 2859 »si
315 2798 385 2877 quis
414 2797 563 2860 insidiose
593 2800 794 2863 machinatur
823 2798 913 2861 alteri
946 2807 1116 2863 mortem«.
1161 2796 1242 2878 Quis
1270 2817 1348 2859 vero
1377 2797 1497 2860 audivit

238 2919 382 2981 unquam
404 2912 460 2964 aut
482 2901 561 2983 legit
582 2898 843 2990 παρασκευάζειν
863 2897 1011 2970 θάνατον
1033 2906 1118 2967 idem
1141 2923 1212 2967 esse
1233 2913 1331 2983 atque
1350 2903 1496 2965 »incitare

237 3006 379 3088 aliquem
401 3007 443 3068 ad
464 3008 634 3072 caedem!
666 3010 828 3073 Mirandas
850 3019 936 3072 certe
959 3011 1237 3092 interpretationes
1258 3009 1494 3090 Harpocration

238 3113 302 3175 iam
333 3120 486 3194 expertus
517 3122 582 3191 est;
611 3114 700 3180 velut
726 3119 881 3179 docemur
915 3112 971 3196 »ἐξ
998 3113 1195 3199 ἐπιβουλῆςι
1232 3111 1410 3196 significare
1446 3111 1496 3174 >rin

238 3217 400 3280 absentia«
413 3218 449 3298 ε),
503 3216 697 3300 Quanquam
733 3219 877 3300 plerique
910 3221 941 3283 in
971 3221 1227 3302 Harpocratione
1256 3220 1496 3308 interpretando

237 3323 370 3386 omuino
393 3343 458 3386 uon
480 3343 613 3404 operam
635 3334 827 3406 posueruut,
850 3362 894 3373 —-
915 3346 1020 3408 neque
1050 3335 1159 3408 potest
1181 3326 1232 3388 ille
1254 3324 1414 3388 mehercle
1437 3324 1495 3386 nisi

237 3426 408 3491 manifesta
437 3429 468 3491 vi
498 3430 539 3491 ad
555 3428 733 3511 vulgatam
764 3433 954 3494 sententiam
988 3433 1180 3512 detorqueri,
1210 3466 1252 3479 --
1265 3451 1269 3461 ·
1282 3431 1339 3492 sed
1366 3431 1495 3493 nomine

237 3535 368 3616 quidem
391 3533 524 3596 actionis
542 3544 678 3616 accepto
701 3535 918 3599 definitionem
939 3537 1007 3599 eius
1027 3539 1117 3600 unice
1132 3557 1242 3600 veram
1257 3557 1300 3598 ex
1314 3535 1495 3598 oratoribus

237 3641 315 3722 ipsis
337 3660 448 3704 eruere
470 3639 658 3703 maluerunt.
709 3641 823 3722 Neque
845 3642 922 3704 illud
945 3643 1075 3722 quidem
1097 3643 1351 3725 vituperandum,
1374 3643 1400 3703 si
1423 3640 1495 3721 quis

237 3755 423 3828 suspectum
461 3746 511 3808 vel
547 3747 720 3811 obscurum
754 3747 976 3829 lexicographi
1015 3748 1122 3810 locum
1159 3749 1318 3829 corrigere
1349 3754 1493 3819 conatus,

237 3850 371 3914 meliora
393 3872 441 3916 ex,
458 3851 533 3933 ipsis
557 3853 737 3916 oratoribus
759 3863 1018 3934 recuperaturum
1039 3875 1111 3918 esse
1125 3875 1160 3917 se
1177 3864 1299 3936 sperat;
1326 3852 1393 3914 fieri
1408 3852 1493 3913 enim

236 3964 355 4038 potest,
383 3965 418 4018 ut
444 3956 577 4020 meliora
606 3979 704 4039 quarn
734 3959 837 4020 lexica
866 3960 1023 4039 praebent
1049 3980 1091 4021 ex
1120 3961 1196 4041 ipsis
1218 3974 1330 4022 eorum
1353 3957 1493 4020 fontibus

325 4167 346 4233 ¹)
363 4168 497 4233 Sauppius,
518 4169 570 4221 ind.
588 4169 646 4220 lect.
665 4171 736 4220 Gott.
759 4169 867 4235 1873l74
884 4188 909 4236 p.
929 4183 942 4236 5
962 4167 1050 4230 -ὠς
1069 4175 1164 4236 αἴτιος,
1182 4168 1219 4230 ὅς.

323 4255 345 4322 ²)
364 4257 478 4307 Carolius
501 4257 613 4320 Zinkius‚
639 4260 856 4310 Ufienhemiensis.
900 4261 957 4310 Act.
982 4261 1076 4310 Semin.
1101 4261 1151 4312 Erl.
1174 4260 1246 4320 1884,
1267 4273 1281 4323 3
1301 4277 1327 4324 p.
1350 4270 1395 4321 77:
1424 4274 1492 4307 »non

234 4343 265 4405 ἐξ
281 4342 432 4412 ἐπιβουλῆς
449 4345 493 4394 sed
512 4373 544 4381 -
562 4362 704 4412 praesens«.
