3352 4994
732 274 945 336 ..15-

209 441 348 518 ἕκαστος
376 444 435 509 καὶ
458 443 491 510 οῖ
516 438 623 510 εῖκοσι
645 445 704 510 καὶ
727 439 843 511 ἑκατὸν
863 440 935 525 μετ’
961 435 1065 510 αῖτοῖν
1090 439 1261 532 [Ἕλληνες]
1287 444 1463 524 νεανίσκοι,

208 547 260 624 οἱς
282 545 419 631 ε’χριῖντο
442 543 478 614 εῖ
495 547 529 614 τί
548 572 615 615 που
636 548 705 615 δέοι
720 571 891 635 χειρουρ
902 552 1006 635 νεῖν,
1031 546 1215 634 ἐπέστησαν
1234 555 1306 631 τοῖς
1322 543 1392 619 ἀπὸ
1405 556 1464 619 τοῖ

207 649 332 732 κυάμου
346 653 535 737 βουλευταῖς
553 643 644 719 οὖσιν
659 652 693 718 ἐν
705 656 752 742 τῷ
765 651 1015 740 βουλευτηρίῳι.
1053 654 1181 721 Scilicet
1196 666 1339 721 armatos
1353 679 1463 722 secum

207 760 410 822 adduxerunt
440 768 475 821 ut
504 759 673 824 manifesta
699 762 729 823 vi
758 781 809 823 res
838 760 1012 834 turbarent,
1042 762 1068 822 si
1097 782 1162 824 non
1188 783 1207 824 e
1229 763 1395 828 voluntate
1417 767 1464 828 eis

207 865 365 926 cederent.
409 863 510 946 Apud
538 886 651 929 omnes
674 866 809 946 denique
831 865 937 928 bonae
959 866 1072 928 aetatis
1093 867 1267 947 scriptores
1289 889 1354 932 non
1376 891 1462 934 usur·

207 978 302 1051 patur
323 968 401 1031 illud
421 969 556 1032 verbum
577 971 634 1032 nisi
655 972 696 1035 de
725 970 902 1034 actionibus
925 991 1008 1052 quae
1030 991 1064 1033 re
1091 990 1168 1034 vera
1189 991 1286 1036 manu
1308 973 1398 1038 fiunt.

293 1073 373 1137 Sero
407 1075 538 1138 demum
568 1085 666 1156 atque
697 1077 869 1139 insolenter
901 1075 983 1139 haec
1014 1077 1103 1138 notio
1132 1074 1250 1139 inflexa
1279 1089 1337 1160 est,
1368 1089 1403 1143 ut
1431 1081 1462 1142 in

207 1180 388 1242 universum
415 1179 609 1260 significaret
625 1201 630 1242 :
645 1180 807 1262 perficere.
852 1185 985 1249 Notavit
1014 1184 1135 1248 malum
1163 1181 1248 1245 hunc
1277 1202 1370 1244 usum
1399 1184 1461 1248 Lo-

207 1285 348 1361 beckius,
383 1286 430 1348 vir
472 1283 585 1348 Graeci
620 1287 776 1349 sermonis
811 1293 941 1372 egregie
977 1292 1105 1373 peritus.
1170 1285 1350 1369 (Phrynich.
1388 1291 1459 1368 120)

210 1388 340 1453 »Simili
370 1391 507 1454 audacia
536 1390 636 1452 verba
665 1381 852 1478 αὐτουργεῖν
879 1405 912 1458 et
936 1397 1135 1481 χειροτονεῖν
1162 1393 1204 1456 ab
1231 1391 1390 1473 operariis
1416 1392 1467 1452 ad

206 1517 260 1560 eos
287 1497 511 1574 traduxerunt,
535 1495 593 1577 qui
606 1507 672 1577 per
691 1516 726 1559 se
747 1498 876 1581 aliquid
892 1511 1003 1584 agunt,
1027 1523 1087 1564 non
1110 1500 1218 1562 aliena
1240 1507 1296 1578 ape
1317 1505 1456 1558 utentes«

208 1601 285 1682 (scil.
302 1601 365 1663 Dio
380 1600 551 1682 Appianus
566 1598 720 1681 Synesius
742 1603 854 1685 reliqui
876 1605 968 1668 huius
990 1610 1117 1687 generis
1139 1600 1331 1685 scriptores).
1365 1598 1460 1663 Certe

206 1708 293 1788 apud
322 1715 467 1768 oratores
492 1707 608 1768 atticos
630 1706 768 1784 genuina
789 1709 877 1772 verbi
898 1711 946 1773 vis
967 1712 1111 1774 nondum
1133 1711 1165 1772 in
1187 1708 1366 1771 universam
1388 1725 1462 1768 eam

206 1813 371 1876 notionem
394 1812 521 1873 detorta
547 1820 605 1873 est.
630 1850 669 1859 -

293 1915 386 1996 Quae
415 1924 590 1997 postquam
622 1919 832 1999 exposuimus
865 1920 906 1982 ad
938 1919 1046 1984 locum
1079 1919 1167 1983 illum
1201 1917 1334 1999 Antiph.
1365 1917 1380 1978 I
1409 1937 1461 1996 ag-

206 2021 405 2104 grediamur;
437 2020 554 2102 legitur
586 2032 694 2085 autem
728 2024 769 2086 ibi
802 2028 1000 2110 χειρουρνεῖν
1030 2029 1130 2106 §20:
1169 2020 1269 2089 »ἀνθ’
1293 2005 1338 2088 ὧν
1360 2013 1381 2108 ἡ
1402 2020 1464 2102 μὲν

208 2119 433 2213 διακονήσασα
463 2120 531 2208 ἔχει
563 2123 604 2193 τὰ
633 2125 798 2213 ἐπίχειρα,
829 2111 874 2193 ὧν
895 2122 975 2210 ἇξία
997 2117 1044 2218 ἦν,
1067 2125 1162 2197 οὐδὲν
1182 2125 1275 2196 αἰτία
1297 2114 1380 2194 οὖσα
1402 2127 1463 2209 (τῷ

207 2226 268 2315 γὰρ
290 2228 475 2318 δημοκοίνῳ
496 2236 712 2316 τροχισθεῖσα
734 2230 934 2320 παρεδόθη),
958 2228 978 2322 ἡ
1001 2232 1032 2301 d’
1051 2233 1143 2301 αἰτία
1157 2258 1193 2301 τε
1212 2226 1274 2321 ἤδη
1289 2231 1347 2298 καὶ
1367 2230 1464 2298 ἐνθυ-

206 2340 354 2421 μηθεῖσα
368 2335 426 2402 καὶ
441 2333 699 2424 χειρουργήσασα
715 2335 792 2417 ἕξει,
808 2329 866 2403 εἐῖν
880 2332 971 2420 ὑμεῖς
986 2340 1094 2407 τεκαὶ
1109 2336 1141 2406 οῖ
1156 2338 1234 2407 θεοὶ
1249 2337 1404 2404 θέλωσιν.
1418 2373 1465 2384 -

207 2441 258 2504 De
280 2463 417 2506 noverca
437 2448 637 2528 χειρουρνεῖν
659 2463 724 2525 quo
746 2445 845 2507 modo
868 2446 929 2508 dici
951 2447 1054 2527 possit
1076 2465 1141 2508 non
1163 2445 1274 2522 video;
1299 2463 1338 2506 ne
1360 2441 1464 2505 adfuit

208 2548 338 2626 quidem
367 2548 427 2611 illis
457 2551 554 2611 sacris
587 2547 719 2612 funestis
750 2569 854 2630 neque
887 2551 985 2614 ullam
1014 2550 1162 2614 facinoris
1193 2548 1304 2612 habuit
1335 2555 1462 2630 partem

207 2660 335 2735 praeter
363 2653 540 2729 consilium,
570 2655 659 2735 quod
688 2655 894 2736 excogitavit.
946 2657 1035 2738 Ergo
1065 2676 1108 2720 ex
1136 2655 1209 2717 loco
1238 2673 1304 2734 quo
1328 2653 1466 2716 traditur

208 2758 316 2820 statim
345 2759 522 2821 eiciendum
544 2780 614 2822 esse
637 2757 728 2822 facile
751 2761 949 2842 perspicitur.
993 2761 1067 2825 Non
1090 2761 1193 2824 minus
1215 2769 1324 2823 autem
1347 2758 1462 2822 salsum

208 2873 257 2925 est
279 2865 367 2943 quod
392 2865 533 2928 Blassius
556 2867 588 2928 id
609 2867 722 2948 paelici
744 2868 900 2946 tribuit¹);
923 2868 967 2930 ita
987 2868 1037 2930 eni
1096 2866 1215 2950 paelex
1229 2865 1401 2946 cogitanda
1413 2873 1465 2927 est

207 2969 280 3030 viris
302 2990 374 3031 cum
396 2969 526 3051 pocu10,
550 2991 615 3053 quo
636 2992 795 3035 venenum
811 2973 920 3048 inerat,
943 2981 1037 3054 caput
1053 2970 1227 3054 infregisse.
1250 3009 1291 3019 —
1313 2970 1464 3051 Ineptum

207 3085 256 3137 est
285 3075 449 3156 glossema
476 3084 573 3158 atque
595 3095 706 3139 recens
728 3078 770 3140 ad
790 3077 1014 3159 ὄιακονήσασα
1036 3078 1232 3158 adscriptum
1255 3076 1287 3138 in
1309 3074 1464 3155 margine,

207 3180 291 3242 unde
313 3181 344 3243 in
366 3181 539 3244 verborum
561 3183 706 3245 ordinem
728 3181 809 3247 salso
832 3185 961 3265 insuper
982 3183 1056 3245 loco
1078 3183 1232 3244 insertum
1253 3181 1342 3261 estv).

291 3286 355 3348 Diu
385 3287 502 3350 versati
531 3307 641 3350 sumus
669 3289 700 3350 in
729 3286 815 3371 χειρὶ
844 3288 981 3351 nominis
1012 3307 1089 3350 vera
1117 3287 1148 3348 vi
1180 3285 1335 3361 eruenda;
1366 3303 1463 3366 quan·

207 3410 305 3472 quam
334 3411 398 3453 non
426 3393 533 3474 potuit
559 3393 708 3474 antiquus
731 3414 819 3476 error
847 3403 944 3474 atque
974 3393 1180 3475 gravissimus
1202 3389 1264 3453 levi
1290 3389 1422 3452 brachio
1444 3408 1464 3450 e

208 3497 314 3558 medio
348 3495 426 3562 tolli.
480 3498 629 3561 Vidimus
661 3519 730 3574 nos,
764 3521 860 3563 manu
891 3507 1056 3562 cruentam
1090 3496 1174 3560 effici
1205 3495 1338 3559 caedem
1365 3513 1464 3558 unam

294 3742 314 3810 ¹)
332 3745 444 3810 Philippi
466 3762 493 3810 p.
519 3759 553 3810 39
576 3755 638 3797 nota
662 3758 694 3811 52
724 3746 822 3796 silentio
846 3745 963 3812 probavit
986 3761 1043 3796 eam
1066 3744 1250 3803 coniecturam
1280 3740 1407 3808 Jernstedt
1430 3741 1463 3788 ad

207 3835 313 3901 Antiph.
349 3836 464 3899 Ignatius
483 3836 510 3885 d.
530 3837 673 3886 elocutione
691 3835 799 3900 Antiph.
819 3852 840 3886 s.
863 3852 887 3885 v.
902 3836 987 3907 χειρὶ.

292 3921 314 3990 ²)
333 3924 366 3973 de
379 3925 596 3984 Wilamowitzius‚
612 3939 758 3991 quanquam
769 3925 946 3995 χειρουργεῖν
957 3923 1020 3972 nihil
1035 3921 1166 3972 aliudesse
1176 3919 1291 3971 concedit
1307 3926 1383 3982 atque
1398 3923 1463 3964 »tru—

208 4014 318 4073 cidare«,
346 4021 430 4063 tamen
453 4014 517 4062 nihil
541 4015 632 4064 mutari
655 4015 721 4071 vult;
747 4012 883 4063 insolenter
905 4013 1007 4078 quidem
1026 4011 1121 4060 dictum
1141 4025 1194 4060 esse
1211 4009 1315 4058 verbum
1336 4005 1368 4054 de
1386 4003 1464 4054 caede

207 4117 306 4152 veneno
325 4101 429 4161 eflecta;
456 4103 567 4152 eiusdem
584 4111 668 4152 autem
685 4101 807 4152 libertatis
824 4099 930 4164 vestigia
946 4099 1015 4164 apud
1032 4097 1218 4164 Antiphontem
1235 4104 1330 4146 exstare
1349 4096 1361 4144 I
1380 4090 1398 4158 ξ
1417 4106 1462 4142 20:

207 4188 257 4242 τὸν
268 4189 373 4243 ἑαυτῶν
388 4195 498 4263 φονέα
510 4184 767 4263 μεταχειριζόμενοι
778 4190 810 4239 de
823 4189 917 4256 poculo
929 4195 954 4237 et
966 4184 983 4253 ξ
997 4186 1042 4237 26:
1059 4179 1074 4237 ὃ
1087 4181 1117 4238 d'
1132 4183 1267 4243 ἀκουσίως
1279 4185 1324 4235 nat
1336 4183 1467 4248 βιαίως

207 4275 351 4334 ἀπέθανε.
364 4283 396 4332 de
413 4297 476 4331 voce
492 4285 584 4346 βίαιος
601 4280 686 4330 confer
704 4295 729 4344 p.
751 4290 781 4341 19
800 4295 856 4328 curn
875 4285 946 4326 nota.
