3352 4994
765 367 955 432 „5-

228 523 382 599 retinent;
414 531 488 586 sunt
517 522 632 585 deinde
661 522 721 598 alii,
753 522 806 602 qui
834 523 1017 586 testimonio
1047 526 1114 587 eius
1143 532 1254 606 spreto
1285 523 1337 585 uni
1359 530 1486 584 tantum

228 628 345 692 iudicio
379 647 452 691 eam
483 627 642 690 actionem
675 627 817 690 tribuunt
828 630 860 708 ¹).
913 627 987 690 Non
1020 649 1098 691 vero
1127 628 1214 711 quod
1237 629 1490 710 exspectaveris,

230 734 349 797 crimen
375 732 452 796 illud
478 733 555 796 dolo
582 732 669 795 malo
697 741 795 813 atque
823 731 941 795 insidiis
970 732 1100 815 plenum
1123 734 1302 817 Areopago
1332 731 1392 796 soli
1412 753 1485 795 con-

228 838 355 901 venisse
384 846 540 901 conantur
569 838 799 914 demonstrare,
830 839 930 902 immo
960 847 1087 920 praeter
1116 859 1209 921 spem
1235 848 1333 921 atque
1356 858 1487 903 omnem

228 944 418 1026 opinionem
450 942 594 1007 Palladio
624 943 656 1006 id
684 942 843 1018 tribuunt,
873 944 923 1007 cui
956 943 1166 1007 involuntaria
1198 952 1323 1007 tantum
1356 945 1488 1007 crimina

225 1049 436 1131 competiisse
459 1049 585 1112 scimus.
640 1041 929 1130 Harpocratidnem
962 1057 1070 1112 autem
1104 1069 1163 1131 per
1194 1049 1316 1112 malum
1345 1069 1485 1112 errorem

229 1155 399 1236 Areopagi
428 1155 625 1216 mentionem
654 1155 796 1218 iniecisse
829 1154 1035 1217 contendunt.
1079 1154 1164 1217 Nam
1194 1156 1283 1236 quod
1311 1155 1488 1219 secundum

226 1258 496 1341 lexicographum
516 1259 696 1322 Dinarchus
716 1253 750 1322 ἐν
771 1261 817 1344 τῷ
836 1253 919 1324 κατὰ
941 1256 1082 1324 Πιστίου
1105 1269 1241 1323 testatur
1262 1261 1294 1323 in
1309 1261 1487 1344 Areopago

230 1365 407 1428 iudicatum
429 1385 500 1427 esse
519 1364 560 1427 de
582 1358 784 1447 βουλεύσεως
805 1365 944 1438 crimine,
968 1365 999 1430 in
1021 1364 1235 1446 suspicionem
1257 1373 1354 1429 vocat
1370 1367 1397 1427 F
1399 1364 1488 1427 orch-

227 1469 414 1534 hammerus
445 1469 478 1550 (l.
508 1469 529 1536 l.
560 1490 591 1551 p.
624 1485 657 1548 31
692 1469 775 1552 not.)
802 1469 906 1533 hisce:
949 1467 1094 1533 »Vereor
1121 1491 1157 1533 ne
1178 1471 1281 1534 multa
1302 1477 1424 1533 locatas
1446 1471 1491 1532 sit

232 1576 441 1640 ¹»Dinarchus
469 1575 509 1637 de
537 1574 662 1637 Pistiae
691 1575 781 1637 inse
809 1575 940 1638 insidiis
969 1585 1002 1637 et
1020 1571 1196 1658 βουλεύσει,
1227 1585 1323 1658 atque
1345 1597 1383 1638 ne
1396 1577 1490 1656 sorte

235 1683 384 1756 »danorii
414 1681 611 1761 Areopagum
640 1679 762 1757 debere,
793 1679 954 1743 hominem
985 1681 1195 1744 insidiantem
1223 1689 1268 1763 (et
1292 1673 1391 1769 φόνου
1412 1685 1488 1765 βου-

231 1784 423 1868 ελεύσαυσα)
446 1785 642 1864 praesertim
670 1784 903 1866 Areopagitam
923 1786 1045 1866 punire
1074 1786 1130 1849 vel
1155 1793 1286 1849 ee'ectnm
1317 1808 1390 1848 enm
1420 1808 1490 1849 esse
1598 1825 1600 1828 -

231 1894 293 1956 >ab
322 1892 530 1973 Areopagitis
561 1891 616 1970 (sc.
641 1910 683 1952 ex
703 1890 887 1972 Areopago)
917 1890 970 1953 vel
992 1890 1054 1953 tale
1075 1891 1162 1974 qnid,
1187 1913 1248 1973 qno
1260 1892 1367 1970 facile
1381 1893 1490 1974 potuit

234 1999 285 2060 »in
320 2017 462 2062 errorem
490 1996 632 2058 incidere
658 1995 926 2078 Harpocration<
954 1995 988 2076 (i)
1033 1995 1118 2058 Huic
1151 1996 1357 2078 explicationi
1391 1997 1488 2060 fidem

225 2103 357 2178 habeat,
381 2103 430 2166 cui
453 2101 574 2182 placet3
598 2120 656 2162 nos
678 2109 832 2174 tenemus
855 2100 943 2182 quod
961 2100 1200 2181 Harpocration
1214 2110 1350 2166 testatur
1366 2104 1489 2186 duplex

226 2209 390 2271 iudicium.
413 2243 457 2254 -

314 2335 382 2397 Iam
411 2342 511 2396 restat
537 2341 574 2395 ut
603 2329 741 2394 breviter
771 2330 934 2394 orationes
965 2350 1212 2412 percenseamus
1234 2351 1316 2412 quas
1339 2333 1370 2394 in
1392 2352 1489 2400 causa

224 2431 428 2524 βουλεύσεως
450 2439 575 2501 habitas
598 2457 668 2500 esse
690 2436 836 2499 homines
859 2436 946 2498 docti
969 2436 1028 2499 sibi
1050 2446 1284 2518 persuaserunt.
1322 2437 1488 2500 Econiec·

228 2553 301 2607 tura
322 2543 395 2622 hoe,
418 2545 600 2625 ubicunque
623 2541 745 2614 accidit,
768 2540 889 2603 factum
911 2550 977 2616 est3
1004 2542 1064 2604 sub
1086 2542 1158 2624 ipso
1180 2542 1265 2604 enirn
1287 2535 1488 2624 βουλεύσεως

230 2650 361 2712 nomine
390 2670 431 2712 ne
459 2670 521 2712 una
551 2649 682 2728 quidem
711 2647 827 2709 tradita
856 2655 905 2708 est
935 2647 1037 2711 oratio
1068 2667 1172 2728 neque
1201 2649 1233 2710 in
1262 2648 1327 2712 ulla
1348 2648 1399 2712 vel
1423 2670 1487 2713 uno

227 2754 303 2818 loco
325 2763 598 2820 commemoratur
618 2746 797 2837 βούλευσις.
834 2751 1028 2815 Referuntur
1049 2761 1158 2814 autem
1176 2753 1217 2816 ad
1239 2773 1311 2818 eam
1327 2755 1487 2818 actionem

224 2861 390 2924 orationes
411 2862 492 2925 hae:

314 2985 484 3067 Antiphon
518 3005 563 3048 or.
595 2984 652 3047 VI.
697 2984 786 3046 Reus
816 2983 857 3045 ad
887 2980 1060 3063 Thargelia
1088 3002 1261 3063 puerorum
1281 2983 1414 3046 chorum
1441 2985 1483 3046 in-

226 3092 417 3154 struendum
447 3092 596 3172 suscepit.
640 3090 727 3152 Inter
755 3088 1000 3150 exercitationes
1020 3087 1073 3149 uni
1095 3108 1138 3150 ex
1158 3092 1273 3171 pueris,
1296 3090 1347 3152 cui
1367 3109 1485 3152 nomen

230 3195 375 3259 Diodoto
405 3206 482 3274 erat,
512 3215 671 3259 venenum
700 3195 795 3257 datur
816 3191 987 3256 saniferum
1022 3182 1193 3279 (εὐφωνίας
1213 3191 1310 3280 χάριν
1331 3196 1485 3275 argum.);

227 3321 297 3382 quo
326 3311 462 3383 accepto
490 3323 569 3385 puer
596 3300 738 3363 moritur.
794 3298 914 3361 Existit
940 3317 1023 3360 nunc
1058 3292 1197 3361 defuncti
1228 3299 1324 3363 frater
1350 3319 1488 3381 arguens

229 3425 331 3482 reum,
361 3407 449 3489 quod
477 3404 657 3489 βουλεύσας
678 3407 711 3486 (ξ
737 3404 785 3485 16)
809 3401 999 3466 interfecerit
1020 3402 1208 3479 Diodotum,
1233 3404 1379 3469 concedit
1401 3405 1487 3469 idem

225 3509 275 3595 μὴ
297 3507 333 3575 ἐκ
355 3511 514 3596 προνοίας
532 3521 671 3575 mortem
691 3509 840 3572 effectam
863 3528 934 3572 esse
955 3509 988 3588 (ξ
1015 3511 1073 3587 19).

316 3635 417 3700 Caute
433 3647 465 3701 et
480 3638 654 3720 prudenter
664 3636 746 3698 hanc
758 3634 937 3697 orationem
949 3633 1102 3715 produxit
1117 3637 1239 3716 primus
1255 3635 1435 3709 Boeekhius
1444 3638 1484 3716 2);

319 3906 340 3972 ¹)
360 3908 565 3966 Forchhammer‚
585 3908 610 3958 d.
629 3909 766 3972 Areopago
786 3922 837 3956 non
856 3907 954 3971 privato
967 3924 993 3972 p.
1005 3920 1046 3970 31.
1081 3907 1114 3955 K.
1128 3908 1157 3958 F.
1175 3907 1316 3966 Hermann,
1337 3908 1368 3957 de
1381 3908 1490 3972 vestigiis

228 4015 258 4063 p.
281 3995 314 4057 48
337 4013 361 4046 n.
391 4008 453 4059 193,
478 4012 505 4060 p.
530 4007 562 4060 59
587 4012 612 4046 n.
635 4009 693 4057 24²·
725 3997 869 4053 Maetzner,
894 3995 1027 4060 Antiphon
1050 4012 1076 4060 p.
1098 3995 1156 4056 248,
1181 4012 1206 4061 p.
1234 3995 1283 4045 282
1306 3996 1332 4045 in
1355 3996 1488 4046 addendis.

230 4085 355 4150 Philippi,
386 4087 431 4134 Ar.
456 4100 480 4134 u.
503 4083 569 4148 Eph.
593 4102 619 4149 p.
643 4084 752 4149 38—51.
797 4083 914 4134 Gebauer
944 4084 971 4132 in
1000 4083 1168 4148 Frohbergeri
1197 4084 1286 4146 Lysiae
1316 4084 1376 4133 edit.
1406 4083 1487 4148 praef.

228 4191 257 4240 p.
276 4187 316 4224 22.
353 4171 543 4230 Wiedenhofer,
565 4172 706 4236 Jahresber.
729 4173 755 4222 d.
779 4174 812 4222 K.
840 4173 873 4223 K.
897 4171 1086 4236 staats-Gymn.
1111 4173 1186 4221 Wien
1205 4173 1239 4220 im
1259 4173 1294 4222 II.
1312 4172 1401 4221 Bezirk
1422 4172 1489 4233 1884

226 4279 257 4329 p.
275 4261 300 4314 6.
336 4261 443 4319 Gilbert,
463 4260 507 4310 Gr.
525 4260 637 4310 st.-A.1
656 4262 713 4324 362.

316 4348 338 4414 ²)
357 4349 414 4400 Ind.
433 4349 515 4400 Berol.
537 4343 623 4414 18²⁶l27
642 4365 668 4413 p.
689 4361 712 4411 7.
747 4346 802 4413 (ΚῙ.
823 4348 893 4397 Schr.
912 4348 951 4397 IV
971 4347 1039 4412 250.)
