3352 4994
713 369 920 443 ,42-

186 542 331 617 putaret,
362 534 394 597 id
417 534 505 616 quod
535 543 694 600 nostrates
726 534 870 600 fecerunt
896 556 1025 612 omnes,
1051 528 1252 619 βουλεύσεως
1280 537 1442 600 actionem

187 634 260 703 'esse
280 641 466 714 institutam,
496 641 523 703 si
551 639 622 720 quis
650 635 830 727 βουλεύσας
850 640 1049 717 interfecerit,
1082 661 1188 705 nonne
1220 643 1264 705 ita
1290 662 1342 706 res
1369 663 1442 706 con-

186 750 269 809 iecta
301 745 389 809 erat?
424 746 572 810 Verbum
600 749 729 827 quidem
759 748 945 829 saepissime
973 747 1161 810 invenerunt
1186 748 1218 809 in
1245 747 1443 811 orationibus

187 851 385 932 capitalibus,
416 852 531 932 quibus
560 853 601 915 de
630 853 729 915 caede
758 861 916 934 ageretur,
944 851 1080 915 verbum
1109 852 1141 914 in
1161 851 1323 917 cotidiano
1345 853 1443 916 etiam

186 975 334 1020 sermone
368 957 608 1029 usitatissimum
637 958 754 1021 mansit
785 958 940 1039 imprimis
972 958 1013 1020 de
1044 958 1162 1022 insidiis
1193 959 1280 1022 vitae
1314 959 1442 1022 structis

187 1081 245 1143 per
267 1070 371 1125 totam
392 1063 616 1144 antiquitatem
638 1083 738 1144 usque
768 1062 809 1126 ad
831 1063 1037 1145 Byzantinos.
1086 1061 1208 1126 Contra
1229 1064 1368 1146 genuina
1390 1063 1443 1126 illa

187 1158 358 1248 βούλευσις
380 1188 463 1248 quae
485 1178 535 1232 est
557 1170 589 1231 in
611 1168 706 1231 rebus
727 1166 911 1232 foenerariis
932 1168 1082 1232 convenit
1101 1169 1281 1231 iudiciariae
1296 1168 1441 1245 dictioni;

184 1271 312 1336 delituit
339 1294 413 1336 cum
442 1275 512 1355 ipsa
539 1273 785 1337 Atheniensium
815 1274 952 1338 civitate.
995 1274 1112 1337 Nonne
1135 1273 1227 1337 facile
1248 1275 1354 1355 potuit
1375 1272 1444 1336 fieri

187 1385 222 1439 ut
250 1380 479 1459 permiscerent
510 1400 561 1443 res
597 1377 819 1461 lexicographi
855 1399 930 1443 cum
963 1380 1123 1442 immerito
1152 1380 1286 1443 verbum
1315 1380 1442 1443 coniun-

187 1492 301 1564 gerent
337 1505 411 1547 cum
439 1485 569 1548 nomine
597 1483 751 1548 actionis?
785 1493 819 1548 et
847 1485 1049 1548 declinabant
1077 1486 1119 1548 ad
1148 1484 1332 1549 facillimum
1358 1483 1443 1546 hunc

187 1608 345 1666 errorem;
381 1609 479 1671 quam
502 1591 594 1672 proni
615 1590 752 1653 adeum
773 1589 890 1653 fuerint
908 1590 1017 1653 videas
1039 1591 1124 1672 ipse:
1147 1575 1264 1654 Pollux
1283 1589 1363 1653 VIII
1383 1606 1442 1668 43:

186 1693 439 1780 ’ψευδενγραφῆς
461 1689 491 1761 d'
510 1681 548 1782 ἦν
564 1693 640 1780 δίκη
655 1691 739 1760 κατὰ
752 1699 817 1761 τῶν
831 1687 875 1774 ὡς
889 1686 1083 1781 ὀφείλοντάς
1095 1719 1186 1774 τινας
1200 1692 1443 1779 ἐνδειξαμένων,

186 1794 216 1863 εί
239 1801 370 1882 ψευδῶς
385 1795 702 1888 σεσυκοφαννηκότες
717 1793 819 1887 ἆλῷεν
831 1849 838 1864 .
849 1792 933 1866 nurui
950 1799 987 1867 δὲ
1001 1800 1117 1868 τούτου
1134 1787 1243 1888 ἦνκαὶ
1265 1797 1444 1885 ἐπιβου-

188 1896 368 1984 λεύσεως
390 1900 507 1992 γραφί.
544 1906 642 1970 Actio
664 1901 926 1992 βουλεύσεως
939 1906 1087 1970 videlicet
1102 1905 1445 1988 intellegenda3‘error

187 1997 261 2072 inde
284 2009 386 2074 factus
405 2021 463 2087 est,
485 2012 573 2093 quod
588 2013 743 2094 cogitavit
756 2012 808 2076 ille
823 2012 865 2075 ad
879 2011 1014 2074 verbum
1029 2009 1203 2094 βουλεύειν,
1219 2006 1445 2096 ἐπιβουλεύειν

185 2115 357 2197 (insidiari).
396 2115 547 2180 Alterum
570 2127 619 2181 est
639 2119 727 2200 apud
750 2117 854 2181 Suid.:
878 2109 1035 2202 r‘yapovfo
1050 2115 1270 2204 δικαστηρίων
1287 2117 1334 2196 II;
1350 2116 1446 2180 refert

186 2220 241 2284 ille
262 2220 379 2286 delicta
400 2242 483 2304 quae
506 2225 697 2287 conveniant
712 2222 955 2287 Thesmothetis
969 2233 1067 2306 atque
1089 2224 1230 2286 dicturus
1252 2223 1383 2305 quidem
1404 2223 1445 2285 de

188 2328 327 2408 genuina
352 2329 479 2392 actione
507 2328 709 2411 (foeneraria)
735 2338 845 2392 tamen
871 2329 913 2391 ad
934 2328 1069 2392 verbum
1092 2329 1180 2409 quod
1203 2329 1320 2392 insidiis
1343 2329 1446 2407 magis

189 2442 287 2512 atque
314 2432 468 2499 'caedibus
501 2437 650 2499 convenit
672 2434 823 2516 delapsus
854 2454 925 2497 esse
951 2433 1166 2497 convincitur:
1200 2423 1284 2516 πρὸς
1313 2431 1350 2499 δὲ
1370 2428 1446 2510 τοὺς

184 2537 405 2620 ’θεσμοθέτας
426 2533 462 2604 ai
485 2540 540 2624 τῆς
562 2537 668 2620 ξενίας
689 2539 853 2621 (actiones)
876 2536 932 2602 καί
956 2535 1151 2621 ὅωροξενίας
1172 2561 1202 2603 κ.
1225 2535 1446 2626 συκοφαντίας

190 2668 219 2706 κ.
263 2645 513 2733 ψευδεγγραφῆς
556 2669 585 2708 κ.
624 2637 747 2730 ὕβρεως
781 2669 810 2709 κ.
847 2641 998 2726 μοιχείας
1032 2666 1061 2706 κ.
1098 2638 1443 2726 ε’νειβουλεύσεωςΙ

187 2748 238 2812 Ita
259 2749 394 2812 verbum
424 2743 605 2834 deuteriam,
636 2749 725 2814 cuius
754 2748 1028 2832 frequentissimus
1052 2757 1103 2811 est
1132 2769 1207 2812 usus
1237 2749 1269 2812 in
1300 2750 1446 2813 orationi·

187 2854 251 2918 bus
272 2856 394 2937 capitis,
417 2856 607 2919 translatum
630 2855 706 2918 mihi
730 2856 857 2919 videtur
871 2875 942 2918 esse
956 2875 1016 2938 per
1031 2854 1157 2918 facilem
1173 2892 1215 2902 -
1229 2853 1389 2918 mehercle
1403 2891 1446 2901 -—

189 2979 333 3024 errorem
359 2962 400 3024 ad
431 2957 577 3046 ἔγκλημα
606 2954 815 3045 βουλεύσεως,
838 2960 947 3042 itaque
969 2961 1101 3024 crimina
1121 2961 1236 3042 capitis
1255 2980 1340 3023 nova
1361 2959 1445 3024 locu·

189 3066 312 3148 pletata
340 3075 414 3130 sunt
442 3068 569 3130 actione
600 3088 683 3150 quae
706 3087 869 3150 nunquam
891 3065 950 3130 fuit
972 3075 1027 3130 aut
1049 3067 1156 3150 potuit
1177 3085 1255 3130 esse.

275 3171 309 3235 Si
321 3192 414 3236 usum
425 3183 516 3237 tenes
528 3173 715 3249 lexicorum,
731 3193 797 3254 quo
808 3173 912 3255 ipsam
928 3171 1066 3235 formam
1082 3173 1163 3235 sicut
1172 3171 1204 3233 in
1213 3171 1386 3234 verborum
1397 3191 1445 3233 or-

190 3277 264 3340 dine
271 3278 378 3360 posita
386 3288 436 3342 est
443 3299 486 3341 ex
492 3278 690 3343 orationibus
701 3279 904 3342 immutatam
916 3277 1080 3360 recipiunt,
1091 3275 1211 3340 facilior
1221 3276 1319 3339 etiam
1331 3277 1446 3341 erroris

188 3383 241 3445 via
254 3383 413 3447 videbitur
427 3383 484 3447 tibi
499 3384 589 3451 haec.
621 3384 701 3448 Erat
714 3385 746 3448 in
762 3382 867 3448 fronte
881 3382 1018 3466 glossae,
1043 3403 1107 3464 qua
1121 3375 1344 3466 βουλεύειν
1357 3404 1378 3446 ν
1388 3405 1446 3448 er·

189 3487 281 3551 bum
296 3489 521 3564 illustrabatur,
536 3490 721 3572 praeposita
736 3511 775 3552 ea
791 3510 874 3571 quae
888 3488 987 3570 longe
1001 3488 1188 3570 saepissime
1203 3487 1234 3550 in
1249 3487 1447 3552 orationibus

192 3594 273 3658 redit
287 3593 391 3658 forma
405 3594 623 3679 participii
642 3586 884 3680 βουλεύσας.
920 3593 971 3657 Ita
985 3595 1016 3657 in
1033 3592 1138 3658 lexico
1153 3614 1196 3656 ex
1212 3593 1446 3658 elementorum

190 3700 301 3764 ordine
338 3702 521 3783 composito
558 3701 667 3764 statim
703 3708 779 3783 post
815 3699 959 3779 glossam
996 3692 1176 3783 βουλεύσας
1210 3699 1301 3781 sequi
1337 3700 1448 3764 debuit

189 3806 233 3889 gl.
261 3799 468 3890 βουλεύσεως.
522 3804 631 3887 Quam
661 3807 846 3888 proximam
878 3803 1067 3868 affinitatem
1098 3803 1276 3887 provehere
1305 3825 1447 3867 errorem

189 3912 298 3994 potius
333 3912 451 3976 debere
487 3931 585 3995 quam
620 3912 776 3995 impedire
804 3931 901 3974 nemo
930 3910 1070 3992 negabit.
1116 3908 1209 3991 Quae
1238 3910 1334 3992 igitur
1364 3929 1447 3973 nunc

190 4018 323 4099 quidem
344 4013 516 4102 βούλευσιν
536 4018 617 4080 tueri
638 4018 785 4080 videntur
799 4017 988 4099 gravissima
1002 4017 1186 4080 testimonia
1199 4016 1280 4079 Isaei
1295 4015 1447 4079 Dinarchi

191 4123 376 4188 Aristotelis
410 4124 451 4186 ad
486 4114 655 4202 βουλεύειν
690 4123 779 4186 verbi
810 4122 975 4186 notionem
1004 4122 1231 4205 explicandam
1261 4121 1445 4185 referantur,

275 4229 478 4293 Postremum
500 4248 560 4311 pro
582 4223 782 4314 βουλεύσεως
805 4228 933 4292 nomine
955 4228 987 4291 in
1000 4228 1159 4310 proelium
1175 4228 1296 4310 poteris
1311 4229 1447 4291 educere

188 4335 360 4398 Libanium
379 4334 551 4410 rhetorem,
574 4335 601 4397 si
622 4336 753 4416 quidem
775 4333 856 4397 tides
876 4333 1025 4398 habenda
1046 4334 1101 4397 tali
1124 4333 1222 4397 socio.
1259 4331 1347 4396 Illius
1362 4333 1446 4394 enim

191 4451 241 4505 est
278 4441 382 4504 oratio
415 4442 465 4504 cui
501 4439 681 4504 inscribitur
717 4442 817 4520 νιιαίς
845 4432 1045 4524 βουλεύσεως
1075 4437 1239 4524 γραφθείς
1260 4428 1448 4504 ἀποθανεῖν
