3352 4994
704 339 913 388 -10-

178 493 366 556 Andocides
392 495 525 558 Leontis
554 505 681 576 praeter
709 493 756 558 fas
784 503 882 576 atque
910 495 957 558 ius
987 497 1083 558 occisi
1113 505 1217 560 morte
1243 497 1342 561 iratus
1372 518 1432 580 pro

178 619 366 681 percussore
396 601 580 663 habendum
607 619 677 662 esse
705 609 802 682 atque
825 600 1022 681 puniendum
1043 601 1198 665 Meletum
1221 603 1430 678 demonstrat,

179 705 324 787 quamvis
355 725 419 768 non
447 705 637 787 percusserit
666 705 842 782 Leontem;
873 714 1001 768 vetusta
1028 707 1113 768 enim
1141 715 1239 789 atque
1261 707 1433 772 iustissima

177 809 250 891 lege
276 818 430 874 statutum
457 831 543 874 esse:
577 820 630 872 »ut
651 811 677 872 is
705 811 757 890 qui
786 810 919 873 caedem
946 812 1165 892 excogitasset
1194 812 1310 876 eodem
1332 815 1432 877 modo

177 917 340 997 puniretur
358 926 456 996 atque
476 915 556 978 alter
578 915 630 977 ille
653 915 706 995 qui
729 934 801 977 eam
823 914 1045 997 perfecissetri
1065 951 1108 962 -
1130 917 1173 980 ita
1188 918 1318 999 quidem
1333 937 1352 980 e
1367 920 1431 981 vul·

179 1030 256 1102 gata
284 1021 555 1102 interpretatione.
577 1055 616 1066 -
639 1019 812 1102 intellego;
843 1013 861 1084 ὁ
882 1013 1060 1104 βουλεύσας
1080 1031 1130 1084 est
1152 1020 1298 1097 Meletus,
1327 1043 1431 1104 neque

176 1127 260 1188 enim
283 1128 350 1208 ipse
373 1126 424 1189 ille
447 1127 608 1189 occiderat
631 1126 806 1201 Leontem;
836 1125 889 1188 ubi
915 1135 1023 1189 autem
1043 1135 1093 1190 est
1115 1128 1244 1189 tandem
1268 1127 1431 1192 maleficus

176 1231 266 1310 alter,
297 1233 350 1314 qui
377 1232 510 1294 caedem
531 1231 673 1312 perfecit,
704 1250 844 1311 quanam
874 1230 1008 1295 affectus
1037 1241 1086 1294 est
1112 1252 1218 1313 poena
1243 1234 1431 1314 gravissima

176 1337 234 1399 sed
246 1337 327 1400 iusta
339 1358 385 1411 ea,
399 1356 463 1417 qua
475 1336 589 1398 eadem
600 1336 715 1416 dignus
727 1336 823 1398 etiam
837 1335 976 1400 Meletus
986 1336 1153 1400 habendus
1164 1334 1233 1399 est?
1248 1335 1431 1400 Perfecit

175 1442 341 1504 caedem
364 1440 569 1517 carnifex3
592 1441 622 1502 in
635 1441 783 1502 iudicium
799 1449 917 1517 autem,
941 1451 976 1504 ut
991 1443 1114 1524 opinor,
1138 1462 1204 1504 non
1220 1451 1353 1504 vocatus
1369 1453 1429 1520 est,

176 1546 255 1608 liber
277 1556 327 1609 est
341 1547 383 1610 ab
399 1548 486 1609 omni
501 1565 606 1628 poena
615 1545 649 1628 ¹).
687 1543 773 1625 Quid
789 1556 897 1609 autem
918 1548 1079 1610 Andocidi
1097 1548 1229 1610 tandem
1243 1547 1275 1608 in
1289 1556 1431 1610 mentem

175 1653 261 1714 venit
282 1662 317 1715 ut
338 1653 473 1714 eandem
491 1650 612 1714 Meleto
635 1651 790 1732 irrogaret
812 1671 969 1733 poenam3
993 1672 1098 1715 nonne
1119 1652 1225 1722 verbis
1246 1653 1311 1714 suis
1333 1653 1431 1715 risum

174 1757 282 1836 potius
305 1775 402 1837 quam
419 1757 667 1820 misericordiam
683 1757 823 1820 iudicum
839 1766 983 1819 moturus
999 1755 1087 1819 erat?
1103 1757 1240 1838 ineptius
1255 1777 1323 1819 rem
1339 1777 1431 1821 suam

176 1862 334 1924 moderari
357 1881 431 1924 eum
451 1882 516 1924 non
538 1882 636 1943 posse
658 1861 748 1925 facile
771 1863 940 1929 concedes,
975 1860 1030 1924 An
1053 1861 1188 1925 fortasse
1211 1861 1431 1944 interpretatio

175 1965 254 2029 falsa
276 1965 356 2029 erit?
393 1965 496 2048 Spero
518 1967 667 2049 equidem
690 1988 758 2030 rem
781 1968 825 2030 ita
847 1986 881 2029 se
903 1966 1031 2041 habere,
1060 1985 1157 2046 spero
1179 1967 1284 2041 etiam,
1308 1967 1430 2030 nullum

174 2071 250 2133 mihi
273 2092 343 2134 esse
365 2075 517 2135 iraturum
540 2073 628 2152 quod
650 2073 840 2136 nostratium
862 2091 1003 2135 errorem
1025 2072 1214 2154 impugnare
1229 2073 1315 2136 malo
1332 2093 1429 2155 quam

173 2177 308 2258 ineptias
338 2173 403 2240 non
435 2176 581 2240 ferendas
616 2179 774 2259 imputare
803 2175 973 2244 Andocidi.
1017 2177 1053 2238 In
1083 2177 1155 2258 lege
1183 2198 1221 2240 ea
1245 2179 1343 2242 verba
1366 2199 1430 2242 non

174 2280 253 2344 fiunt
288 2282 329 2345 de
364 2284 547 2346 auctoribus
580 2282 801 2345 »intellectuali
830 2291 863 2343 et
897 2281 1073 2362 physicor;
1108 2285 1241 2347 omnino
1274 2305 1339 2346 non
1375 2303 1430 2367 op·

175 2397 338 2469 ponuntur
359 2388 416 2451 sibi
440 2390 505 2451 duo
527 2389 682 2451 homines

259 2493 307 2555 At
338 2494 424 2580 χειρὶ
459 2491 636 2578 ἐργάζομαι
670 2490 827 2573 significat
844 2512 850 2554 :
866 2491 935 2572 ipse
965 2490 1114 2573 perficio;
1144 2510 1224 2573 ergo
1254 2495 1430 2575 opponitur

173 2599 352 2660 necessario
373 2598 453 2661 alter
474 2597 589 2661 homol

259 2703 332 2765 Hoc
361 2704 466 2785 ipsum
496 2713 545 2766 est
577 2703 665 2784 quod
685 2722 786 2785 nego;
810 2721 917 2764 errore
939 2701 1002 2764 hoc
1020 2712 1189 2784 acceptum
1204 2703 1341 2766 alterum
1358 2725 1429 2787 pro

174 2809 267 2871 duxit
297 2828 447 2873 errorem.
502 2809 634 2872 Falsum
667 2819 716 2872 est
745 2807 834 2890 quod
864 2807 963 2888 vulgo
993 2808 1106 2870 dicitur
1133 2805 1219 2892 χειρὶ
1249 2804 1427 2894 ἐργάζομαι

172 2915 257 2977 idem
280 2934 351 2977 esse
373 2925 470 2996 atque
495 2916 581 2996 »ipse
604 2913 789 2990 interficio«,
812 2933 916 2995 neque
939 2914 970 2976 id
985 2914 1073 2995 quod
1089 2915 1263 2995 opponitur
1285 2913 1429 2998 βουλεύω

173 3017 331 3101 significat
356 3019 504 3083 »alterius
526 3040 589 3102 ope
611 3029 719 3097 utor‹;
743 3019 869 3101 penitus
891 3019 1079 3081 inveteravit
1099 3017 1152 3081 hic
1167 3039 1264 3098 error,
1288 3019 1429 3085 funditus

173 3125 357 3189 evellendus
388 3137 447 3191 est.
489 3123 575 3210 χειρὶ
606 3121 784 3210 ἐργάζομαι
810 3124 995 3206 simpliciter
1017 3133 1066 3187 est
1083 3145 1088 3187 :
1106 3145 1203 3188 manu
1225 3145 1299 3208 ago,
1342 3125 1428 3212 χειρὶ

174 3224 384 3315 ἐργαζόμενος
412 3224 613 3306 ἀποκτείνω,
642 3250 738 3293 manu
764 3249 864 3312 agens
892 3228 1059 3296 interficio,
1110 3229 1144 3293 Si
1175 3231 1246 3312 quis
1275 3251 1340 3294 non
1370 3252 1429 3314 per

172 3356 330 3398 manum
367 3335 449 3417 agit,
477 3333 540 3398 alio
569 3336 600 3398 id
630 3335 725 3398 faciat
753 3336 852 3398 modo
860 3383 869 3414 ,
905 3335 969 3424 alio
996 3335 1143 3399 membro
1168 3357 1174 3399 :
1198 3338 1297 3418 pede,
1326 3338 1351 3400 si
1380 3340 1429 3402 dis

172 3440 287 3522 placet.
328 3441 427 3505 Rides
450 3440 594 3504 sortasse.
634 3438 828 3522 Quanquam
858 3461 922 3504 non
952 3440 1029 3504 mihi
1057 3451 1107 3505 est
1135 3443 1166 3505 in
1194 3441 1302 3505 animo
1331 3425 1429 3507 iocari

172 3547 202 3609 in
235 3547 330 3609 rebus
363 3548 469 3624 seriis;
510 3547 621 3610 audias
654 3548 702 3609 ius
734 3548 901 3609 iurandum
937 3546 1211 3628 Amphictyoniae
1249 3547 1428 3630 Delphicae

174 3649 305 3734 (Aesch.
328 3652 356 3713 II
385 3654 470 3733 115):
505 3651 562 3716 καὶ
593 3647 650 3715 ἐάν
677 3675 727 3730 τις
757 3641 776 3738 ἢ
802 3651 888 3738 συλᾷ
909 3648 951 3716 τὰ
972 3655 1029 3718 τοῦ
1051 3654 1133 3715 θεοῦ
1155 3644 1176 3740 ἢ
1197 3651 1329 3743 συνειδῇ
1350 3679 1381 3720 τι
1405 3645 1427 3742 ἢ

171 3751 330 3844 βουλεύσῃ
352 3781 385 3823 τι
408 3753 491 3822 κατὰ
511 3759 576 3823 τῶν
599 3751 701 3841 ἱερῶν,
725 3755 919 3842 τιμωρήσειν
941 3757 998 3824 καὶ
1026 3759 1139 3841 χειρὶ
1160 3759 1218 3824 καὶ
1240 3760 1347 3826 ποδὶ
1369 3760 1427 3825 καὶ

172 3863 285 3950 φωνῇ
299 3861 357 3927 καὶ
372 3855 485 3948 πάσῃ
502 3861 547 3926 dv
557 3853 690 3944 ια’μει.
714 3864 806 3943 Ager
816 3862 985 3927 Cirrhaeus
997 3873 1183 3928 exsecratur
1194 3865 1280 3929 hisce
1292 3865 1427 3950 (Aesch.

171 3966 216 4030 111
244 3985 311 4044 110,
339 3972 425 4050 120):
454 3966 510 4032 καὶ
542 3964 600 4033 ἐπὶ
629 3961 758 4046 τούτοις
786 3959 882 4052 ὅρκον
910 3959 1043 4051 ὤμοσαν
1072 3965 1203 4052 ἰσχυρὸν
1229 3963 1306 4058 μήτ’
1334 3968 1427 4038 αὐτοὶ

258 4148 279 4214 ¹)
297 4148 360 4200 Rem
379 4156 491 4214 apertam
508 4164 522 4197 e
540 4148 659 4198 Romano
680 4149 732 4197 iure
750 4149 867 4214 exemplo
885 4149 1009 4199 illustrare
1026 4150 1100 4200 liceat
1118 4151 1148 4202 L.
1171 4151 1217 4214 167
1237 4148 1254 4216 ξ
1275 4164 1297 4200 1.
1327 4151 1388 4216 Dig.
1400 4152 1426 4202 d.

171 4253 223 4301 reg.
241 4236 286 4286 iur.
306 4235 359 4302 (50,
383 4237 432 4302 17).
470 4236 521 4301 Qui
543 4236 611 4286 iussu
634 4236 723 4286 iudicis
741 4237 809 4304 alqd.
828 4237 894 4300 facit,
917 4255 968 4288 non
987 4236 1086 4288 videtur
1103 4239 1165 4288 dolo
1183 4239 1250 4289 malo
1268 4239 1349 4288 iecere
1367 4240 1426 4304 quia

171 4341 257 4390 parere
275 4342 375 4376 necesse
393 4327 477 4376 habet.
512 4325 556 4375 cir.
575 4325 649 4388 Geib,
669 4325 756 4376 Strafr.
778 4323 854 4391 §qo
