3352 4994
730 337 940 402 „27-

205 493 330 566 dubito,
362 491 438 571 quin
465 491 509 554 ita
539 490 761 572 responderint
783 491 857 554 iuris
880 498 1052 572 exegetae:
1076 488 1107 550 Is
1130 489 1184 568 qui
1206 488 1340 550 caedem
1361 485 1468 550 effecit

209 598 317 662 statim
338 617 357 658 e
380 596 452 677 lege
473 595 706 678 Areopagitica
733 596 930 660 accusandus
960 603 1025 671 est;
1056 592 1137 656 alter
1159 593 1220 668 ille,
1243 614 1261 656 e
1284 593 1372 655 cuius
1394 611 1467 654 con-

208 703 279 766 silio
307 711 405 784 atque
435 702 588 764 mandatu
617 709 721 764 morte
750 700 885 764 affectus
912 708 961 764 est
991 699 1123 773 occisus
1152 719 1217 761 non
1239 698 1343 760 minus
1366 693 1466 784 φόνον

209 829 281 870 reus
297 816 355 882 est,
377 808 451 887 quia
465 799 643 890 βοολεόσας
657 805 821 882 interfecit,
845 806 983 888 quamsi
1000 801 1085 887 χειρὶ
1101 823 1169 866 rem
1185 803 1370 884 peregisset.
1407 801 1467 864 Ne·

209 912 347 976 cessaria
375 920 484 974 autem
513 911 622 992 utique
643 920 712 974 erat
733 911 806 974 talis
828 911 891 987 lex,
921 929 1003 992 quae
1025 918 1176 972 cunctam
1197 907 1467 990 complecteretur

209 1018 355 1081 caedium
375 1017 564 1080 varietatem
584 1053 628 1063 —-
649 1017 706 1078 nisi
729 1015 811 1079 sorte
833 1016 894 1079 alia
915 1015 1036 1079 ratione
1058 1014 1238 1077 maluerunt
1250 1011 1467 1075 Athenienses

210 1124 355 1206 expediri
378 1143 421 1186 ex
444 1122 599 1202 angustiis
621 1121 737 1201 quibus
758 1121 948 1198 inciderant;
979 1140 1118 1202 namque
1141 1138 1204 1180 una
1226 1119 1356 1199 quidem
1378 1137 1467 1198 prae·

209 1237 298 1292 terea
326 1228 372 1290 eis
401 1227 452 1290 via
480 1228 614 1308 patebat
630 1247 636 1289 :
652 1235 827 1309 potuerunt
854 1247 898 1290 ex
926 1246 985 1289 usu
1016 1225 1119 1306 magis
1148 1244 1245 1305 quam
1276 1243 1294 1285 e
1324 1222 1396 1302 lege
1426 1222 1467 1284 ad

211 1330 312 1420 φόνον
343 1333 433 1414 leges
460 1331 645 1414 simpliciter
673 1333 791 1396 reicere
820 1352 875 1394 eas
905 1333 1001 1395 etiam
1031 1331 1146 1392 caedes
1175 1348 1354 1410 quaecum
1378 1319 1468 1414 φόνῳ

210 1459 274 1501 non
301 1437 422 1501 maiore
443 1437 676 1500 necessitudine
698 1437 887 1501 coniunctae
909 1444 983 1498 sunt
1005 1455 1103 1518 quam
1125 1454 1214 1498 arma
1236 1453 1309 1497 cum
1331 1453 1466 1496 veneno.

211 1542 405 1624 Quanquam
434 1541 498 1605 tale
527 1541 647 1625 aliquid
675 1541 927 1606 Atheniensibus
956 1561 1021 1604 non
1050 1540 1215 1621 placebat;
1244 1557 1354 1601 veram
1383 1537 1467 1599 enim

216 1642 351 1736 »φόνιοι
388 1647 453 1709 vim
483 1646 569 1709 nulla
603 1647 722 1712 oblivio
756 1649 803 1712 eis
831 1646 962 1729 eripuit3
994 1665 1099 1725 neque
1128 1665 1172 1708 ex
1198 1664 1257 1708 usu
1288 1644 1330 1706 ad
1358 1662 1467 1724 quam-

212 1753 290 1816 libet
311 1753 444 1816 caedem
465 1753 625 1815 actionem
648 1773 720 1816 eam
743 1752 869 1817 deflecti
888 1751 974 1834 passi
996 1760 1079 1826 sunt,
1110 1751 1229 1832 quippe
1252 1749 1306 1831 qui
1328 1739 1469 1832 όιγρόφῳ

211 1852 298 1940 νόμῳ
327 1849 436 1924 οὐδενί
456 1867 629 1921 uterentur.
673 1858 702 1921 E
725 1859 797 1940 lege
818 1867 916 1939 atque
939 1877 957 1918 e
976 1855 1043 1918 iure
1066 1855 1204 1935 reliquas
1225 1874 1338 1918 omnes
1361 1852 1468 1916 referri

211 1966 369 2028 iusserunt
399 1964 515 2026 caedes
545 1965 587 2027 ad
617 1985 673 2027 eas
707 1984 790 2047 quae
821 1964 862 2025 de
894 1969 1026 2024 cruenta
1059 1960 1158 2023 caede
1192 1969 1332 2023 statutae
1361 1967 1469 2022 essent

211 2069 308 2151 leges

296 2173 437 2237 Cruenta
458 2176 583 2247 caedes,
615 2175 735 2257 quippe
764 2193 847 2252 quae
875 2169 1090 2234 vetustissima
1118 2170 1160 2233 sit
1191 2191 1235 2232 ex
1256 2169 1406 2234 omnibus
1430 2169 1469 2232 ci-

212 2281 361 2362 viumque
384 2279 469 2342 vitae
495 2289 528 2342 et
555 2281 714 2343 securitati
737 2278 940 2342 infestissima
968 2276 1108 2358 primum
1137 2277 1169 2338 in
1190 2275 1311 2338 iudiciis
1334 2274 1471 2338 obtinuit

216 2384 330 2462 locum,
363 2384 483 2466 primas
512 2394 606 2448 nacta
635 2395 684 2448 est
714 2385 812 2467 leges.
856 2382 910 2445 Ex
932 2381 1018 2445 hisce
1041 2380 1182 2463 reliquae
1203 2382 1354 2463 pendent.

296 2490 371 2552 Duo
386 2490 562 2555 seeundum
578 2510 674 2553 sanae
690 2491 806 2553 mentis
822 2490 978 2552 rationem
994 2485 1133 2550 Athenis
1148 2494 1268 2549 statuta
1283 2494 1356 2548 sunt
1368 2478 1470 2569 φόνου

213 2615 332 2676 genera
353 2595 499 2669 alterum,
523 2604 556 2658 et
577 2597 705 2676 gravius
727 2594 805 2658 illud
827 2595 967 2677 quidem,
996 2587 1114 2681 »φόνος
1136 2584 1301 2670 {sodoloci
1328 2586 1379 2673 (ἐκ
1393 2611 1471 2670 προ-

213 2697 327 2784 νοίας),
350 2721 424 2764 cum
446 2699 523 2762 dolo
548 2701 634 2764 malo
657 2711 755 2784 atque
778 2699 985 2763 interficiendi
1007 2697 1140 2760 consilio
1154 2706 1337 2779 peractum;
1360 2694 1470 2769 levius,

214 2815 250 2867 ut
270 2825 329 2887 par
351 2815 409 2880 est,
429 2806 549 2868 crimen
571 2805 706 2870 habetur
723 2800 822 2890 φόνος
843 2797 1007 2883 όικοόσιος,
1031 2805 1085 2883 qui
1099 2823 1175 2866 casu
1194 2823 1258 2865 non
1273 2823 1292 2865 e
1306 2801 1472 2863 voluntate

214 2911 338 2974 accidit.
382 2911 471 2975 Prius
491 2911 569 2974 illud
591 2911 805 2974 voluntarium
831 2908 952 2973 facinus
974 2909 1248 2991 Areopagitarum
1270 2906 1471 2971 sanctissimo

214 3015 352 3094 collegio
385 3017 550 3094 convenit;
585 3035 657 3079 reus
690 3035 764 3078 cum
795 3024 881 3078 esset
914 3015 1080 3078 convictus
1112 3034 1239 3076 summo
1275 3011 1473 3076 afficiebatur

214 3121 372 3204 supplicio
381 3125 412 3202 ¹).
468 3122 519 3185 De
556 3121 658 3184 altero
693 3139 827 3202 genere,
864 3120 914 3182 cui
955 3119 1212 3195 deerattdolu5‚
1247 3117 1395 3199 Ephetae
1429 3115 1471 3177 iu·

215 3226 365 3290 dicabant
395 3228 482 3310 apud
511 3227 704 3303 Palladium3
739 3224 840 3288 lenior
871 3226 903 3286 in
932 3244 971 3286 eo
1001 3245 1107 3306 poena
1136 3232 1205 3286 erat
1233 3231 1354 3286 statuta
1387 3219 1473 3282 exilii

215 3351 320 3412 neque
349 3353 388 3396 ea
415 3334 609 3414 sempiterni.
654 3331 752 3414 Aptis
781 3330 825 3392 ita
852 3337 951 3410 atque
978 3329 1157 3393 iustissimis
1184 3337 1334 3392 cruentae
1357 3326 1472 3388 caedes

214 3439 435 3520 praemunitae
455 3447 545 3501 erant
567 3437 710 3519 legibus;
732 3436 773 3498 ad
796 3435 926 3498 easdem
947 3455 1030 3497 nunc
1053 3433 1230 3497 reseruntur
1251 3453 1309 3496 eae
1331 3431 1473 3495 actiones

216 3563 289 3605 cum
320 3544 433 3623 quavis
461 3544 584 3607 ratione
614 3541 675 3604 alia
709 3548 847 3605 mortem
874 3542 945 3623 quis
974 3539 1064 3602 alteri
1086 3539 1248 3606 struxerit.
1291 3538 1407 3613 Nemo,
1438 3544 1473 3599 ut

216 3650 341 3732 opinor,
371 3648 469 3712 talem
499 3648 670 3731 imputabit
695 3646 948 3710 Atheniensibus
968 3644 1220 3709 imbecillitatem
1248 3652 1346 3724 atque
1369 3643 1472 3704 incon·

216 3757 376 3828 stantiam,
406 3764 442 3817 ut
471 3775 489 3816 e
518 3773 645 3817 summo
674 3753 839 3835 principio,
870 3753 958 3834 quod
989 3761 1022 3814 et
1051 3760 1158 3813 mente
1187 3769 1265 3812 sana
1294 3759 1327 3811 et
1355 3747 1473 3810 iustitia

216 3861 398 3943 postulatur
414 3860 535 3942 (dolum
551 3880 622 3922 esse
637 3858 848 3940 spectandum
865 3859 897 3921 in
912 3855 1088 3937 maleficiis)
1103 3854 1154 3917 vel
1169 3854 1269 3917 hilum
1281 3852 1475 3916 decesserint

304 4057 325 4124 ¹)
342 4060 418 4107 Dem.
437 4070 479 4116 21,
498 4070 546 4121 43:
570 4058 599 4108 οἱ
623 4060 736 4128 φονικοὶ
760 4055 825 4115 τοὺς
849 4055 902 4122 μὲν
920 4055 949 4109 ἐκ
967 4057 1105 4126 προνοίας
1122 4044 1342 4107 ἀποκτιννύντας
1360 4039 1474 4114 θανάτῳ

216 4151 264 4200 καὶ
290 4143 426 4216 ἀειφυγίᾳ
453 4149 500 4198 καὶ
526 4141 658 4216 δημεύσει
681 4143 737 4198 τῶν
762 4139 946 4216 ὑπαρχόντων
966 4145 1134 4212 ζημιοῦσιν.
1154 4179 1160 4192 .
1181 4179 1187 4192 .
1206 4138 1271 4197 τούς
1293 4131 1320 4188 ‹5'
1340 4130 1476 4192 ἀκουσίως

218 4237 347 4295 αἰδέσεως
370 4238 418 4286 καὶ
443 4235 660 4305 φιλανθρωπίας
688 4235 793 4300 πολλῆς
822 4230 948 4298 ἠξίωσαν.
992 4233 1038 4282 cfr.
1069 4232 1147 4281 Meier
1176 4229 1336 4278 Schoemann
1365 4223 1473 4288 Lipsius.

217 4327 273 4376 Att.
293 4329 404 4375 Process.
424 4321 496 4390 (308)
516 4341 543 4388 p.
565 4335 624 4388 377.
1433 4321 1435 4326 '
