3352 4994
593 1015 739 1125 Vita
782 1013 1064 1124 auctoris.

287 1407 390 1471 Natus
417 1428 489 1471 sum
518 1405 734 1488 Woligangus
756 1405 886 1470 Passow
909 1405 1088 1469 Marchicus
1111 1406 1303 1470 Ait-Reetzii
1325 1429 1352 1471 a.
1374 1409 1452 1490 1863

201 1521 297 1576 sexto
318 1512 371 1575 die
393 1511 457 1576 Mai
479 1532 523 1575 m.
545 1520 637 1595 patre
660 1509 809 1574 Mauritio
830 1511 956 1575 medico
978 1532 997 1573 a
1019 1511 1162 1575 sanitatis
1188 1512 1333 1588 consiliis,
1356 1532 1453 1594 quem

201 1627 275 1697 ante
315 1617 376 1680 hos
416 1618 529 1680 decem
566 1636 667 1680 annos
709 1615 815 1680 subita
855 1625 959 1680 morte
998 1616 1168 1698 abreptum
1204 1617 1318 1700 luge03
1353 1627 1455 1682 matre

200 1721 299 1786 Luisa
331 1743 349 1784 e
379 1730 476 1804 gente
515 1721 665 1785 Froelich
702 1722 873 1804 superstite
910 1721 1021 1786 laetor.
1079 1721 1170 1786 Fidei
1205 1743 1278 1786 sum
1310 1723 1456 1788 addictus

201 1827 414 1909 evangelicae.

286 1931 487 1996 Rudimentis
524 1932 687 1997 literarum
721 1934 827 2016 patrio
863 1933 895 1995 in
927 1933 999 1996 vico
1031 1931 1174 1997 imbutus
1206 1953 1325 1998 novem
1353 1955 1456 2000 annos

201 2059 301 2120 agens
333 2036 473 2102 Berolini
502 2037 565 2100 adii
599 2037 812 2121 Gymnasium
843 2037 983 2118 Regium
1013 2037 1262 2118 Joachimicum,
1299 2041 1331 2103 in
1367 2041 1456 2104 cuius

202 2144 401 2207 alumnatum
430 2164 458 2207 a.
491 2143 572 2224 1876
601 2153 749 2226 receptus
777 2163 857 2208 sum.
906 2141 1003 2205 Auct.
1039 2144 1114 2206 1881
1149 2144 1339 2209 maturitatis
1371 2147 1456 2210 testi·

202 2250 312 2312 monio
348 2259 500 2331 accept0,
554 2257 590 2311 ut
626 2248 830 2332 philologieis
869 2248 981 2310 studiis
1017 2268 1150 2330 operam
1187 2250 1299 2314 darem
1336 2253 1455 2317 univer·

200 2354 303 2418 sitatis
340 2353 496 2418 literariae
538 2350 753 2414 Berolinensis
795 2351 872 2415 civis
908 2352 1010 2416 lactus
1046 2374 1134 2431 sum;
1180 2356 1332 2436 proximo
1371 2378 1456 2422 anno

205 2461 284 2522 1882
311 2460 393 2542 Apr.
416 2493 460 2506 -
484 2457 562 2536 1883
595 2455 754 2538 stipendia
783 2457 922 2521 Berolini
952 2455 1027 2534 ieci;
1058 2478 1116 2539 per
1143 2468 1299 2523 aestatem
1326 2482 1354 2525 a.
1376 2465 1456 2542 1883

201 2565 333 2629 Bonnae
357 2564 409 2639 fui,
433 2563 517 2626 unde
540 2562 725 2626 Berolinum
748 2583 892 2627 reversus
915 2563 1095 2625 continuavi
1115 2563 1230 2640 studia,
1253 2564 1357 2629 donec
1371 2576 1455 2632 auct.

205 2671 286 2749 1884
308 2669 499 2752 Gottingam
521 2668 679 2731 deductus
700 2689 772 2732 sum
794 2689 898 2753 aequa
920 2670 1080 2748 Minerva;
1102 2669 1154 2733 hic
1176 2678 1208 2733 et
1237 2673 1456 2752 proseminarii

201 2786 234 2840 et
255 2776 414 2840 seminarii
436 2773 622 2857 philologici
644 2774 762 2838 sodalis
785 2774 828 2839 fui
850 2775 1034 2840 ordinarius.

285 2881 345 2944 Per
367 2881 472 2944 decies
495 2899 555 2942 sex
577 2898 704 2942 menses
727 2881 833 2944 audivi
860 2883 947 2946 viros
968 2882 1196 2946 illustrissimos
1217 2882 1294 2946 hos:
1318 2882 1454 2968 Curtius,

202 2988 243 3055 H.
265 2987 426 3069 Droysen,
458 2985 688 3066 Furtwangler,
720 2986 762 3050 A.
786 2986 966 3063 Kirchhoff,
991 2987 1125 3062 Robert,
1149 2985 1294 3063 Scherer,
1316 2988 1455 3068 Vahlen,

202 3092 314 3165 Zeller,
348 3093 587 3167 Berolinenses;
615 3092 861 3171 -Buecheler,
893 3092 1031 3169 Kekule,
1065 3093 1170 3167 Klein,
1205 3091 1340 3172 Usener,
1374 3093 1456 3157 Bon-

201 3217 331 3275 nenses;
345 3233 389 3246 -
401 3197 577 3274 Baumann,
600 3196 739 3279 Peipers,
763 3196 904 3282 Sauppe,
919 3198 1157 3280 Volquardsen,
1174 3198 1214 3261 de
1229 3195 1456 3262 Wilamowitz-

201 3301 437 3380 Moellendorfi,
461 3302 699 3384 Gottingenses
724 3342 763 3351 -
788 3301 913 3384 Quibus
936 3303 1010 3366 viris
1032 3301 1182 3366 omnibus
1203 3301 1325 3383 optime
1346 3305 1456 3369 deme

201 3407 321 3470 meritis
348 3409 468 3490 gratias
488 3408 592 3472 refero
616 3408 714 3472 iustas
735 3429 774 3472 ac
796 3409 921 3472 debitas
940 3407 1095 3490 imprimis
1117 3415 1226 3470 autem
1248 3405 1293 3468 eis
1315 3405 1456 3471 doctissi-

200 3514 261 3576 mls
290 3513 417 3577 duobus
448 3515 524 3577 viris
552 3524 585 3578 et
611 3513 865 3588 humanissimis,
896 3513 950 3594 qui
972 3512 1109 3594 benigne
1132 3511 1323 3593 opusculum
1347 3533 1455 3576 meum

201 3639 265 3681 non
295 3627 574 3701 contempserunt,
611 3626 856 3682 monumentum
889 3618 977 3701 quod
1007 3625 1093 3680 esset
1121 3616 1216 3680 animi
1248 3619 1310 3681 mei
1339 3618 1370 3681 in
1398 3639 1455 3682 eos

200 3724 379 3807 gratissimi.

679 3941 981 3960 φ

762 4234 898 4288 Altenburzi

606 4303 675 4358 Typis
688 4302 790 4346 officinae
803 4301 892 4346 aulicae
906 4301 1046 4346 Piereriauae

702 4370 742 4424 [St.
757 4369 836 4414 Geibel
851 4381 875 4414 et
888 4369 956 4424 Soc-l.
987 4376 993 4385 ¹
