3352 4994
721 275 932 338 -u-

200 438 342 493 mortem
371 430 507 511 paravit,
538 428 605 492 sive
627 428 715 492 dedit
737 429 816 511 ipse,
838 429 905 491 sive
927 447 987 510 per
1007 428 1145 491 alterum
1168 426 1308 490 dandam
1327 427 1457 502 curavit,

200 535 269 598 sive
300 555 396 598 nemo
426 534 524 610 dedit,
555 553 629 597 cum
658 535 727 616 ipse
756 533 985 598 interimendus
1014 533 1154 597 hauriret
1182 531 1349 612 potionem
1377 552 1405 595 e.
1433 553 1465 615 g.

196 661 329 704 veneno
358 640 389 702 in
420 649 555 722 puteum
586 639 744 722 iniectot).
787 639 874 702 Num
901 658 935 702 re
965 659 1042 702 vera
1064 638 1235 720 quisquam
1257 636 1317 700 sibi
1339 656 1466 719 persua·

200 746 292 810 debit
314 746 346 810 in
368 745 485 810 talibus
507 744 647 807 minutiis
671 752 798 807 tantum
820 744 966 827 posuisse
989 743 1207 808 Athenienses
1228 751 1272 818 ut,
1296 763 1369 806 cum
1396 744 1467 823 quis

202 851 286 916 sorte
314 851 384 934 ipse
413 871 477 915 non
498 850 640 913 dedisset
660 870 828 924 venenum,
852 858 1027 932 propterea
1050 850 1091 913 ad
1111 849 1325 932 Areopagum
1348 848 1464 912 deduci
1487 884 1490 890 ·

200 977 278 1020 eum
312 976 378 1020 non
414 956 616 1039 paterentur!
655 950 731 1034 δούς
763 955 841 1019 illud
872 954 1041 1020 verbulum
1075 956 1164 1037 quod
1198 954 1283 1017 hunc
1311 954 1467 1035 produxit

200 1081 345 1126 errorem
367 1079 498 1143 prorsus
520 1059 581 1124 alia
607 1061 647 1123 de
669 1081 766 1124 causa
788 1061 932 1125 additum
955 1082 1026 1126 esse
1049 1082 1093 1125 ex
1114 1061 1286 1124 verborum
1304 1068 1375 1122 tota
1391 1080 1465 1123 con-

200 1167 367 1230 stitutione
390 1163 482 1229 facile
504 1165 782 1230 demonstrabitur.
827 1167 993 1251 Respicias
1016 1167 1067 1230 vel
1090 1186 1155 1230 uno
1178 1165 1272 1228 oculo
1295 1165 1337 1228 ad
1359 1173 1464 1228 totam

203 1271 326 1354 legem:
368 1295 413 1337 n.
441 1270 531 1356 βοολ.
562 1267 707 1352 δικάζειν
737 1268 839 1358 φόνου
871 1270 1022 1339 ἑκουσίου
1049 1296 1078 1338 κ.
1107 1263 1290 1356 τραύματος
1319 1265 1355 1334 ἐκ
1385 1292 1462 1355 προ-

137 1385 141 1393 “
199 1373 294 1456 νοίας
314 1400 343 1442 κ.
367 1378 535 1461 πυρκαϊᾶς
555 1400 585 1442 κ.
608 1369 807 1462 φαρμάκων
833 1379 949 1461 requiri
970 1378 1059 1441 vides
1089 1378 1198 1441 statim
1225 1376 1406 1439 necessario
1429 1377 1461 1439 in

202 1483 284 1545 serie
312 1483 479 1546 criminum
508 1483 693 1563 genetivum
722 1477 919 1572 φαρμάκων;
950 1483 1078 1547 additur
1106 1483 1135 1545 ei
1166 1480 1364 1545 enuntiatum
1385 1501 1461 1544 con-

199 1585 377 1652 dicionale:
401 1579 457 1651 s'oiv
478 1610 528 1665 τις
549 1577 727 1674 ἀποκτείνῃ
751 1584 828 1666 δοὺς
849 1588 915 1652 scil.
939 1582 1115 1677 φάρμακα;
1140 1587 1288 1650 nimirum
1305 1595 1360 1648 aut
1375 1587 1462 1650 bona

199 1712 276 1755 esse
304 1701 441 1775 possunt
470 1700 527 1755 aut
556 1692 641 1756 mala
669 1703 701 1756 et
731 1685 890 1782 φάρμακα
919 1704 952 1758 et
981 1713 1119 1771 venena;
1151 1694 1256 1774 agitur
1285 1700 1394 1754 autem
1421 1693 1461 1754 de

201 1798 308 1862 noxiis
335 1808 470 1870 tantum,
501 1797 617 1880 quibus
653 1818 740 1860 mors
777 1798 894 1862 effecta
926 1799 1006 1880 siv).
1063 1799 1234 1880 Adempto
1268 1805 1375 1860 autem
1405 1796 1460 1859 illo

200 1903 371 1985 participio
394 1904 471 1985 quid
494 1903 644 1966 acciderit
665 1902 737 1986 legi,
770 1904 833 1966 iam
855 1904 981 1967 videas:
1016 1897 1199 1992 φαρμάκων
1229 1900 1357 1964 iubetur
1388 1920 1461 1965 reus

198 2007 270 2072 fieri
305 2001 380 2073 »ἐάν
406 2031 456 2086 τις
485 1998 693 2093 daonium«.
716 2006 868 2090 -Quid
896 2008 960 2071 hoc
989 2007 1058 2071 esti
1095 2029 1171 2071 num
1200 2005 1344 2070 veneficii
1377 2007 1460 2070 actio

199 2114 382 2188 instituitur,
415 2112 441 2175 si
464 2112 534 2194 quis
557 2114 709 2177 occiderit
731 2113 888 2178 alterum?
910 2113 1069 2176 claudicat
1090 2113 1159 2189 lex;
1184 2113 1274 2175 deest
1296 2112 1328 2174 id
1343 2113 1458 2194 ipsum,

199 2220 233 2282 in
265 2238 330 2301 quo
357 2217 455 2280 totius
483 2217 527 2280 rei
557 2219 655 2282 cardo
685 2229 838 2283 versatur.
890 2217 958 2293 Sic,
989 2227 1024 2283 ut
1052 2218 1270 2299 intellegatur,
1301 2217 1333 2280 in
1362 2238 1460 2300 quam

198 2321 409 2387 interficiendi
423 2323 580 2386 rationem
595 2332 715 2387 statuta
730 2326 771 2387 sit
786 2317 967 2410 φαρμάκων
981 2324 1075 2399 actio,
1097 2323 1229 2386 omnino
1243 2323 1458 2386 necessarium

197 2437 251 2492 est
272 2427 474 2511 participium
498 2421 583 2505 δούς.

288 2531 368 2615 Quis
395 2553 491 2614 porro
518 2535 653 2615 ignorat,
682 2544 838 2617 quantum
864 2535 1041 2598 amaverint
1071 2534 1185 2598 Graeci
1212 2533 1377 2616 participia
1407 2534 1458 2597 hic

198 2639 252 2702 vel
272 2639 335 2703 illic
350 2639 498 2702 addenda
513 2639 554 2701 ad
569 2640 796 2722 complendam
811 2640 1002 2704 sententiam
1019 2649 1117 2722 atque
1135 2639 1260 2720 planius
1275 2640 1457 2722 exprimen-

197 2745 286 2819 dam,
315 2765 355 2808 ne
384 2764 483 2807 unum
513 2743 633 2808 scilicet
660 2746 788 2809 deesset
817 2748 849 2808 in
877 2745 1091 2825 descriptione
1120 2745 1253 2808 actionis
1276 2744 1457 2809 membrum

200 2850 252 2914 vel
272 2849 442 2933 parvulum
463 2858 561 2930 atque
582 2849 753 2927 minutum;
777 2851 818 2914 de
838 2850 935 2932 pleno
950 2852 1141 2931 depromam
1159 2869 1241 2932 quae
1256 2850 1287 2912 in
1302 2861 1455 2933 promptu

198 2965 275 3020 sunt
302 2955 583 3036 frequentissima:
600 2949 682 3036 ἔχων
711 2945 799 3038 ἄγων
829 2950 938 3038 λαβών
966 2949 1083 3039 παρών
1110 2948 1219 3020 ἐλθών
1246 2947 1306 3018 ἰών
1327 2955 1390 3018 alia
1413 2957 1454 3019 in·

199 3060 410 3126 numerabilia
431 3060 576 3124 eiusdem
598 3069 711 3136 notae3
741 3079 824 3142 quae
847 3063 977 3142 quidem
1000 3060 1108 3123 omnia
1134 3060 1166 3122 in
1189 3067 1300 3122 nostro
1322 3060 1456 3141 quidem

195 3187 349 3231 sermone
363 3166 558 3230 verbotenus
572 3167 597 3229 si
612 3173 785 3240 vertuntur,
802 3185 1041 3246 supervacanea
1061 3184 1159 3246 saepe
1174 3163 1342 3227 videantur
1357 3175 1455 3246 atque

197 3272 304 3336 inania
317 3309 361 3322 —-
377 3271 480 3334 minus
499 3274 584 3334 enim
598 3280 746 3334 accurate
763 3291 823 3334 nos
837 3280 869 3334 et
884 3271 1064 3352 cogitamus
1080 3278 1113 3332 et
1128 3269 1302 3350 loquimur;
1324 3268 1454 3334 Graecis

198 3396 266 3440 non
288 3377 495 3441 abundabant
517 3396 641 3459 suoque
663 3376 729 3439 iure
749 3375 855 3458 posita
877 3385 960 3440 sunt.
997 3375 1095 3438 Adeo
1110 3374 1250 3457 simplex
1271 3383 1322 3439 est
1336 3377 1455 3458 pueris·

197 3501 263 3563 que
285 3482 474 3546 decantatus
496 3480 547 3544 hic
569 3481 809 3564 participiorum
831 3501 915 3558 usus,
943 3489 978 3544 ut
999 3480 1144 3563 pluribus
1168 3481 1359 3563 exposuisse
1381 3502 1454 3546 eum

197 3607 304 3671 paene
319 3607 372 3650 me
386 3587 523 3670 pudeat;
539 3587 689 3667 huncqui
705 3588 830 3650 noverit
844 3607 908 3649 non
920 3585 1064 3650 offendet
1075 3588 1107 3649 in
1117 3587 1251 3650 verbulo
1263 3582 1339 3666 δούς
1349 3607 1454 3667 neque

197 3693 241 3755 ad
262 3711 447 3776 perversam
469 3693 543 3756 iuris
565 3692 860 3774 interpretationem
883 3690 1053 3755 deflectere
1075 3692 1160 3756 idem
1181 3692 1348 3757 conabitur
1357 3695 1387 3774 ³).

285 3847 306 3914 ¹)
326 3847 398 3896 Idem
416 3855 519 3898 censent
535 3849 615 3898 Meier
633 3848 793 3898 Schoemann
811 3845 912 3912 Lipsius
929 3849 982 3896 Art.
1001 3847 1072 3898 Proc.
1091 3865 1117 3913 p.
1137 3847 1187 3912 382
1205 3857 1267 3899 nota
1285 3859 1342 3912 529.

284 3934 307 4000 ²)
325 3937 378 3986 Aut
406 3934 513 4001 possit
541 3936 620 3995 effici3
652 3953 762 4001 namque
787 3936 808 3986 si
833 3935 959 3986 veneficus
986 3936 1020 3985 ad
1046 3936 1123 3987 finem
1148 3952 1221 3986 suum
1248 3953 1300 3986 non
1328 3937 1451 4002 pervenit,

196 4031 301 4090 propter
321 4033 440 4075 conatum
458 4039 514 4074 reus
532 4022 586 4076 fieri
609 4026 685 4075 debet
702 4025 792 4076 eodem
813 4025 891 4075 modo
909 4032 985 4090 atque
998 4021 1109 4094 φονεύς,
1126 4025 1169 4092 qui
1186 4025 1327 4075 vulneravit
1346 4032 1451 4086 tantum,

197 4128 251 4162 uon
269 4113 367 4163 necavit
378 4136 385 4164 ι
398 4107 556 4184 τραύματος
572 4113 609 4165 ἐκ.
627 4131 675 4182 πρ.
693 4130 750 4164 reus
767 4122 830 4164 erat.

283 4199 306 4266 ³)
325 4201 404 4251 Recte
428 4201 463 4251 ita
486 4201 629 4252 Boeclrhius
654 4203 704 4253 iam
726 4202 810 4268 legem
833 4200 963 4251 intellexit.
1004 4199 1062 4252 Ind.
1081 4201 1138 4251 lect.
1158 4201 1240 4250 Berol.
1262 4197 1371 4265 182⁶l27
1389 4217 1416 4265 p.
1438 4211 1452 4264 7

197 4288 321 4340 immerito
338 4297 473 4356 propterea
490 4290 644 4356 vituperatus
661 4307 677 4339 a
694 4290 918 4340 Forchhammero.

249 4374 367 4418 Passov.
1236 4375 1251 4427 3
