3352 4994
756 320 969 434 ..„.‘

236 527 330 615 τέλος
360 527 395 595 ἒν
415 519 605 616 Ἀθηναίων
626 523 791 610 πολιτείᾳ,
815 521 849 590 ἐν
870 509 897 614 ᾧ
921 521 1111 606 δικάζουσιν
1132 519 1288 592 ἀκουσίου
1311 521 1413 614 φόνου
1434 526 1494 594 καὶ

236 629 498 719 βουλεύσεως
528 628 559 699 oi
588 627 716 718 ἐφέται.
743 632 858 695 deinde
888 629 996 695 Schol.
1025 631 1145 695 Aesch.
1177 639 1239 697 vet
1268 633 1310 696 ad
1332 632 1363 696 II
1392 634 1492 715 §87:

237 737 296 806 ἐντὶ
317 739 431 805 Παλλ;
460 734 521 803 lat
534 731 637 823 τούτῳ
652 733 815 821 ἐκρίνοντο
833 731 864 801 οἳ
882 728 1036 802 ἀκούσιοι
1051 728 1163 824 φόνοι·
1182 731 1214 802 oi
1231 733 1269 802 δὲ
1283 734 1318 802 ἐν
1331 730 1435 821 τούτῳ
1448 737 1495 822 arf.

237 841 437 930 δικαστηρίῳ
460 836 645 923 δικάζοντες
666 838 841 908 ἐκαλοῦντο
856 837 983 930 ε’φέται,
999 837 1152 922 ἐδίκαζον
1167 841 1203 907 da
1219 835 1376 909 ἀκουσίου
1392 837 1495 928 φόνου

236 948 308 1016 καί
336 942 599 1033 βουλεύσεως
619 944 678 1013 καὶ
702 941 829 1030 οἰκέτην
851 936 871 1012 ί
893 943 1046 1028 μύτοικον
1068 936 1089 1013 ί
1113 944 1203 1027 ξένον
1225 939 1495 1029 ύντοκτείναντιῑ).

322 1055 351 1118 Ε
373 1054 502 1139 reliquis
523 1061 632 1118 autem
655 1072 738 1132 quae
760 1044 932 1134 βούλευσιν
952 1059 1082 1115 tuentur
1103 1051 1232 1128 lexicis,
1263 1054 1410 1134 quamvis
1432 1054 1496 1116 sint

238 1160 348 1237 multa,
379 1160 500 1224 nullum
529 1159 590 1223 sub
619 1157 761 1222 Palladio
790 1178 862 1221 eam
892 1156 1040 1235 exhibet;
1071 1179 1176 1240 neque
1196 1157 1313 1222 Pollux
1335 1178 1408 1222 eam
1429 1178 1496 1221 non

237 1265 356 1329 omittit
390 1264 469 1328 VIII
495 1267 564 1344 118,
601 1283 707 1344 neque
740 1261 794 1343 qui
825 1263 946 1345 passim
977 1261 1154 1327 Palladium
1188 1263 1373 1328 describunt
1406 1262 1496 1328 velut

236 1370 407 1434 Pausanias
428 1370 573 1452 Periheg.
596 1369 611 1432 I
634 1369 674 1431 28
683 1387 711 1430 a.
753 1366 909 1432 Aelianus
930 1367 972 1431 V.
995 1367 1026 1431 h.
1049 1368 1083 1429 V
1109 1381 1156 1449 15.
1178 1369 1239 1432 alii.

321 1477 445 1540 Dubito
467 1476 572 1558 igitur,
596 1494 674 1537 num
696 1470 832 1535 fortasse
854 1474 1028 1555 antiquitus
1051 1495 1090 1538 ea
1112 1475 1196 1539 actio
1219 1474 1351 1539 omnino
1374 1472 1495 1536 nonsit

236 1582 353 1646 tradita
365 1602 391 1650 s.
403 1603 433 1645 v.
451 1577 528 1646 ‚tat
540 1575 761 1664 Παλλαδίῳι;
774 1579 945 1643 Pausanias
960 1579 1099 1644 atticista
1110 1581 1142 1643 in
1157 1580 1264 1655 lexico
1278 1578 1355 1643 nihil
1366 1587 1496 1661 praeter

237 1682 337 1775 φόνον
352 1680 509 1752 ἀκούσιον
522 1707 546 1750 s.
563 1707 594 1750 v.
610 1685 687 1752 Pall.
699 1685 826 1751 videtur
840 1685 1024 1752 exhibuisse
1038 1685 1197 1769 (Eustath.
1210 1687 1242 1748 in
1254 1685 1317 1751 Od.
1334 1699 1424 1764 1419,
1440 1696 1494 1762 53:

238 1787 389 1873 ἐδίκαζον
400 1787 763 1858 κατύΠαυσανίανέκεῖ
778 1781 1007 1870 ἀκουσίους
1021 1785 1174 1879 φόνους
1189 1786 1229 1857 ol
1246 1786 1420 1880 ἐφέται).
1441 1789 1495 1850 Ex

237 1917 277 1961 eo
292 1905 402 1962 autem
412 1898 650 1980 Harpocration
661 1898 761 1980 vulgo
775 1905 907 1980 putatur
921 1898 1049 1980 copiam
1060 1918 1152 1962 suam
1167 1897 1307 1960 duxisse.
1336 1894 1496 1958 Obvertat

237 2002 317 2084 quis,
338 2002 413 2066 licet
434 2005 466 2066 in
488 2003 628 2067 lontibus
650 2003 924 2087 Harpocrationis,
939 2003 1014 2067 licet
1028 2004 1061 2065 in
1075 2003 1224 2067 omnibus
1240 2001 1368 2085 reliquis
1382 1999 1493 2063 lexicis

237 2128 276 2172 ea
298 2127 364 2171 non
383 2106 485 2184 luerit,
509 2109 749 2192 diligentissime
771 2110 873 2192 Harp.
895 2128 1040 2174 versasse
1060 2108 1245 2172 Aristotelis
1258 2098 1374 2191 Ἀθηκ
1397 2103 1495 2169 πολι·

236 2209 335 2291 τοίαν,
367 2232 462 2276 nemo
492 2207 607 2293 nescit;
638 2214 711 2280 huic
732 2215 828 2298 igitur
850 2215 960 2278 deberi
980 2208 1161 2298 βούλευσιν.
1206 2212 1307 2288 Sane;
1338 2211 1395 2274 sed
1417 2229 1494 2289 quo-

238 2318 336 2381 modo
367 2318 516 2383 acciderit
545 2321 702 2403 explices,
734 2341 864 2404 quaes0,
895 2320 984 2402 quod
1011 2319 1208 2401 Epitoma
1237 2318 1334 2380 etiam
1363 2319 1408 2396 (et
1438 2315 1493 2396 qui

237 2441 280 2484 ex
302 2443 341 2485 ea
362 2424 483 2506 pendet
503 2423 630 2509 Suidas)
652 2427 812 2492 consentit
840 2427 871 2488 in
900 2446 940 2490 eo
963 2446 1036 2489 cum
1066 2423 1195 2507 reliquis
1223 2421 1381 2496 omnibus,
1405 2419 1494 2502 quod

235 2521 409 2611 βούλευσιν
437 2551 516 2596 non
544 2532 644 2597 habet
670 2555 695 2598 s.
727 2554 757 2598 v.
788 2528 848 2598 λιτὶ
879 2530 1011 2596 nott?
1046 2530 1226 2614 Epitomae·
1249 2536 1361 2592 auctor
1389 2544 1495 2607 neque

236 2633 336 2697 hebes
371 2635 473 2701 homo
501 2657 607 2717 neque
635 2639 718 2703 iners
748 2640 942 2722 (quicunque
972 2637 1043 2720 erit)
1072 2638 1221 2700 omittere
1251 2635 1382 2717 quidem
1411 2630 1495 2695 solet

237 2748 403 2802 oratorum
432 2742 631 2817 testimonia,
667 2763 751 2824 quae
783 2764 862 2807 vero
895 2746 936 2808 ad
968 2763 1037 2807 rem
1069 2742 1190 2806 faciunt
1218 2741 1314 2823 plena
1337 2738 1440 2802 reddit
1462 2745 1495 2800 et

236 2843 368 2924 integra.
411 2845 441 2908 E
463 2864 537 2908 mea
559 2847 690 2928 quidem
711 2851 876 2924 sententia,
907 2857 983 2931 post
1004 2847 1123 2912 factam
1145 2849 1276 2912 demum
1296 2845 1493 2927 Epitomam,

234 2947 387 3012 insertum
427 2959 478 3013 est
511 2951 759 3034 Harpocrationi
795 2973 915 3018 nomen
957 2949 1155 3040 βουλεύσεως
1189 2954 1221 3014 in
1253 2951 1397 3032 glossam
1434 2945 1495 3014 ἐντὶ

234 3054 342 3122 Παλλ.
389 3057 611 3120 transductum
656 3057 805 3121 nimirum
852 3079 896 3123 ex
941 3060 1042 3126 altera
1087 3059 1197 3142 glossa
1245 3047 1494 3140 »donimamus«.

235 3159 335 3242 Quod
362 3162 394 3225 in
425 3161 526 3226 schol.
556 3162 677 3230 Aesch.
708 3163 738 3226 II
770 3165 810 3246 87
844 3165 904 3230 sub
932 3165 1076 3231 Palladio
1105 3167 1185 3228 inter
1212 3163 1335 3245 reliqua
1363 3159 1494 3223 crimina

233 3262 407 3351 βούλευσις
440 3269 538 3332 etiarn
576 3279 850 3333 commemoratur
882 3291 948 3334 non
980 3272 1145 3336 mirabitur
1177 3270 1231 3351 qui
1262 3287 1360 3352 quam
1392 3263 1494 3327 multa

234 3372 426 3438 scholiastae
446 3395 521 3438 cum
543 3375 800 3458 Harpocratione
820 3377 1034 3454 convenerint,
1057 3376 1233 3461 perspexit.
1275 3374 1317 3436 K.
1345 3372 1381 3436 F.
1411 3369 1493 3434 Her·

234 3497 370 3542 mannus
390 3479 530 3560 (Griech.
554 3479 657 3544 St.·A.
680 3483 701 3561 ξ
724 3497 793 3560 104,
824 3483 873 3565 10)
896 3504 940 3545 ex
962 3483 1033 3565 ipso
1055 3483 1156 3566 Harp.
1180 3480 1372 3545 scholiastae
1394 3477 1494 3540 verba

234 3583 398 3666 exscripta
419 3604 490 3648 esse
512 3595 633 3652 censet.

319 3689 495 3770 Postquam
517 3690 654 3754 vidimus
667 3693 759 3781 ¹apud
773 3691 1026 3776 lexicographos
1038 3715 1063 3758 s.
1079 3716 1108 3759 v.
1130 3690 1208 3760 »ε’ττί
1221 3685 1288 3776 Ἀρ.
1303 3711 1401 3774 που(
1417 3709 1492 3751 nun·

234 3815 333 3877 quam
361 3786 534 3878 dorileum
561 3816 633 3859 esse
659 3808 958 3875 commemoratam,
992 3809 1166 3883 postquam
1198 3818 1263 3862 non
1284 3797 1352 3859 sine
1374 3814 1493 3876 magna

233 3899 512 3970 verisimilitudinis
536 3901 643 3982 specie
665 3921 696 3966 s.
719 3922 749 3968 v.
776 3899 853 3969 »ἐπὶ
875 3904 1002 3970 Haila
1035 3905 1210 3988 antiquitus
1233 3923 1306 3967 eam
1328 3900 1491 3964 exstitisse

232 4005 431 4084 negavimus,
454 4005 496 4067 ad
519 4026 615 4069 unam
638 4008 858 4090 restringimur
880 4009 1024 4091 glossam
1049 4006 1359 4093 »βουλεύσεωςκ

317 4109 414 4172 Haud
446 4111 536 4193 parvi
568 4119 677 4174 autem
708 4111 772 4177 hoc
806 4116 961 4178 momenti
993 4115 1152 4190 duxerim,
1184 4114 1271 4178 nullo
1302 4113 1387 4176 enim
1418 4112 1491 4175 loco

231 4214 354 4280 facilius
383 4235 471 4280 error
499 4217 604 4299 potuit
633 4216 707 4280 oriri
735 4238 834 4300 quam
864 4219 895 4281 in
925 4221 995 4302 lpsa
1024 4219 1078 4283 illa
1107 4219 1227 4301 glossa.
1279 4216 1367 4299 Quid
1397 4219 1490 4293 enim,

231 4323 330 4385 modo
359 4328 415 4384 aut
445 4319 694 4404 lexicographus
721 4323 834 4405 aliquis
862 4333 919 4388 aut
946 4325 1177 4404 grammaticus
1204 4326 1236 4387 in
1258 4323 1491 4388 commentario

232 4435 440 4443 ————.--

318 4477 337 4544 ¹)
356 4480 474 4530 κτεῖναι
492 4478 549 4528 cod.
567 4506 602 4516 —
620 4479 760 4530 κτείναντι
778 4478 912 4544 Sauppius.
