<?xml version="1.0" encoding="UTF-8"?>
<!DOCTYPE html PUBLIC "-//W3C//DTD XHTML 1.0 Transitional//EN"
    "http://www.w3.org/TR/xhtml1/DTD/xhtml1-transitional.dtd">
<html xmlns="http://www.w3.org/1999/xhtml" xml:lang="en" lang="en">
 <head>
  <title>
</title>
<meta http-equiv="Content-Type" content="text/html;charset=utf-8" />
  <meta name='ocr-system' content='tesseract 3.04.00' />
  <meta name='ocr-capabilities' content='ocr_page ocr_carea ocr_par ocr_line ocrx_word'/>
</head>
<body>
  <div class='ocr_page' id='page_1' title='image "./decriminevouleu00passgoog_0019.png"; bbox 0 0 3352 4994; ppageno 0'>
   <div class='ocr_carea' id='block_1_1' title="bbox 699 363 911 409">
    <p class='ocr_par' dir='ltr' id='par_1_1' title="bbox 699 363 911 409">
     <span class='ocr_line' id='line_1_1' title="bbox 699 363 911 409; baseline -0.005 -14"><span class='ocrx_word' id='word_1_1' title='bbox 699 363 911 409; x_wconf 72' lang='grc' dir='ltr'>-η-</span> 
     </span>
    </p>
   </div>
   <div class='ocr_carea' id='block_1_2' title="bbox 174 509 1432 708">
    <p class='ocr_par' dir='ltr' id='par_1_2' title="bbox 174 509 1432 708">
     <span class='ocr_line' id='line_1_2' title="bbox 174 509 1432 603; baseline 0.001 -20"><span class='ocrx_word' id='word_1_2' title='bbox 174 518 275 583; x_wconf 89' lang='lat' dir='ltr'>allato</span> <span class='ocrx_word' id='word_1_3' title='bbox 297 517 481 582; x_wconf 89' lang='lat' dir='ltr'>Aristotelis</span> <span class='ocrx_word' id='word_1_4' title='bbox 504 518 693 598; x_wconf 80' lang='lat' dir='ltr'>Rhet.113</span> <span class='ocrx_word' id='word_1_5' title='bbox 717 538 749 599; x_wconf 93' lang='lat' dir='ltr'>p.</span> <span class='ocrx_word' id='word_1_6' title='bbox 777 533 898 598; x_wconf 90' lang='lat' dir='ltr'>1374a:</span> <span class='ocrx_word' id='word_1_7' title='bbox 933 511 989 580; x_wconf 75' lang='grc' dir='ltr'>ἐὰν</span> <span class='ocrx_word' id='word_1_8' title='bbox 1017 510 1181 602; x_wconf 72' lang='grc' dir='ltr'><strong><em>ἐπείρηται</em></strong></span> <span class='ocrx_word' id='word_1_9' title='bbox 1212 515 1268 602; x_wconf 79' lang='grc' dir='ltr'>τὴν</span> <span class='ocrx_word' id='word_1_10' title='bbox 1295 509 1432 603; x_wconf 66' lang='grc' dir='ltr'><em>χεῖραῆ</em></span> 
     </span>
     <span class='ocr_line' id='line_1_3' title="bbox 174 617 315 708; baseline -0.007 -19"><span class='ocrx_word' id='word_1_11' title='bbox 174 617 315 708; x_wconf 79' lang='grc' dir='ltr'><strong><em>πατάξῃ.</em></strong></span> 
     </span>
    </p>
   </div>
   <div class='ocr_carea' id='block_1_3' title="bbox 105 725 1431 2196">
    <p class='ocr_par' dir='ltr' id='par_1_3' title="bbox 105 725 1431 2196">
     <span class='ocr_line' id='line_1_4' title="bbox 259 725 1430 832; baseline -0.003 -19"><span class='ocrx_word' id='word_1_12' title='bbox 259 748 376 812; x_wconf 93' lang='lat' dir='ltr'>Omnia</span> <span class='ocrx_word' id='word_1_13' title='bbox 397 751 491 832; x_wconf 86' lang='lat' dir='ltr'>igitur</span> <span class='ocrx_word' id='word_1_14' title='bbox 508 758 594 811; x_wconf 89' lang='lat' dir='ltr'>recte</span> <span class='ocrx_word' id='word_1_15' title='bbox 609 747 667 810; x_wconf 88' lang='lat' dir='ltr'>sibi</span> <span class='ocrx_word' id='word_1_16' title='bbox 682 756 831 810; x_wconf 84' lang='lat' dir='ltr'><strong>constant</strong></span> <span class='ocrx_word' id='word_1_17' title='bbox 845 725 950 828; x_wconf 84' lang='lat' dir='ltr'>neque</span> <span class='ocrx_word' id='word_1_18' title='bbox 965 748 1172 829; x_wconf 90' lang='lat' dir='ltr'>temptandus</span> <span class='ocrx_word' id='word_1_19' title='bbox 1188 758 1257 812; x_wconf 91' lang='lat' dir='ltr'>erat</span> <span class='ocrx_word' id='word_1_20' title='bbox 1272 748 1371 812; x_wconf 91' lang='lat' dir='ltr'>locus.</span> <span class='ocrx_word' id='word_1_21' title='bbox 1390 785 1430 795; x_wconf 91' lang='lat'>-</span> 
     </span>
     <span class='ocr_line' id='line_1_5' title="bbox 175 852 1430 936; baseline 0.002 -19"><span class='ocrx_word' id='word_1_22' title='bbox 175 854 369 936; x_wconf 83' lang='lat' dir='ltr'><strong>Quanquam</strong></span> <span class='ocrx_word' id='word_1_23' title='bbox 398 855 577 928; x_wconf 89' lang='lat' dir='ltr'>Dobraeus,</span> <span class='ocrx_word' id='word_1_24' title='bbox 608 854 658 916; x_wconf 92' lang='lat' dir='ltr'>cui</span> <span class='ocrx_word' id='word_1_25' title='bbox 687 852 876 934; x_wconf 86' lang='lat' dir='ltr'>displicebat</span> <span class='ocrx_word' id='word_1_26' title='bbox 904 853 1021 916; x_wconf 88' lang='lat' dir='ltr'>tradita</span> <span class='ocrx_word' id='word_1_27' title='bbox 1049 852 1162 931; x_wconf 89' lang='lat' dir='ltr'>lecti0,</span> <span class='ocrx_word' id='word_1_28' title='bbox 1192 853 1312 917; x_wconf 94' lang='lat' dir='ltr'>collato</span> <span class='ocrx_word' id='word_1_29' title='bbox 1342 853 1430 919; x_wconf 87' lang='lat' dir='ltr'>And.</span> 
     </span>
     <span class='ocr_line' id='line_1_6' title="bbox 173 950 1430 1045; baseline -0.001 -23"><span class='ocrx_word' id='word_1_30' title='bbox 173 961 187 1022; x_wconf 94' lang='lat' dir='ltr'>I</span> <span class='ocrx_word' id='word_1_31' title='bbox 224 977 267 1040; x_wconf 84' lang='lat'>94</span> <span class='ocrx_word' id='word_1_32' title='bbox 301 959 394 1023; x_wconf 88' lang='lat' dir='ltr'>scribi</span> <span class='ocrx_word' id='word_1_33' title='bbox 430 961 536 1022; x_wconf 86' lang='lat' dir='ltr'>iussit:</span> <span class='ocrx_word' id='word_1_34' title='bbox 578 951 659 1044; x_wconf 84' lang='grc' dir='ltr'><strong><em>μήτε</em></strong></span> <span class='ocrx_word' id='word_1_35' title='bbox 699 955 784 1042; x_wconf 80' lang='grc' dir='ltr'><em>χειρὶ</em></span> <span class='ocrx_word' id='word_1_36' title='bbox 830 952 1047 1042; x_wconf 77' lang='grc' dir='ltr'><strong><em>ἐργασάμενος</em></strong></span> <span class='ocrx_word' id='word_1_37' title='bbox 1089 950 1171 1045; x_wconf 79' lang='grc' dir='ltr'><strong><em>μήτε</em></strong></span> <span class='ocrx_word' id='word_1_38' title='bbox 1211 952 1389 1041; x_wconf 82' lang='grc' dir='ltr'><em>βουλεύσας</em></span> <span class='ocrx_word' id='word_1_39' title='bbox 1397 962 1430 1039; x_wconf 84' lang='lat'>¹).</span> 
     </span>
     <span class='ocr_line' id='line_1_7' title="bbox 175 1063 1430 1146; baseline 0 -19"><span class='ocrx_word' id='word_1_40' title='bbox 175 1063 363 1127; x_wconf 83' lang='lat' dir='ltr'>Gratissima</span> <span class='ocrx_word' id='word_1_41' title='bbox 391 1064 472 1127; x_wconf 93' lang='lat' dir='ltr'>haec</span> <span class='ocrx_word' id='word_1_42' title='bbox 501 1065 684 1127; x_wconf 90' lang='lat' dir='ltr'>coniectura</span> <span class='ocrx_word' id='word_1_43' title='bbox 713 1063 844 1126; x_wconf 86' lang='lat' dir='ltr'>obvenit</span> <span class='ocrx_word' id='word_1_44' title='bbox 877 1064 1025 1126; x_wconf 92' lang='lat' dir='ltr'>omnibus</span> <span class='ocrx_word' id='word_1_45' title='bbox 1060 1063 1106 1125; x_wconf 92' lang='lat' dir='ltr'>eis</span> <span class='ocrx_word' id='word_1_46' title='bbox 1142 1064 1205 1144; x_wconf 92' lang='lat' dir='ltr'>qui,</span> <span class='ocrx_word' id='word_1_47' title='bbox 1245 1083 1430 1146; x_wconf 85' lang='lat' dir='ltr'><strong>quanquam</strong></span> 
     </span>
     <span class='ocr_line' id='line_1_8' title="bbox 173 1159 1431 1253; baseline 0 -21"><span class='ocrx_word' id='word_1_48' title='bbox 173 1169 270 1249; x_wconf 89' lang='lat' dir='ltr'>falso,</span> <span class='ocrx_word' id='word_1_49' title='bbox 308 1179 541 1233; x_wconf 90' lang='lat' dir='ltr'>consueverant</span> <span class='ocrx_word' id='word_1_50' title='bbox 576 1166 662 1252; x_wconf 81' lang='grc' dir='ltr'><strong><em>χειρὶ</em></strong></span> <span class='ocrx_word' id='word_1_51' title='bbox 699 1159 898 1253; x_wconf 74' lang='grc' dir='ltr'><strong><em>ἐργάζεσθαι</em></strong></span> <span class='ocrx_word' id='word_1_52' title='bbox 935 1168 1020 1230; x_wconf 90' lang='lat' dir='ltr'>idem</span> <span class='ocrx_word' id='word_1_53' title='bbox 1057 1166 1177 1230; x_wconf 89' lang='lat' dir='ltr'>habere</span> <span class='ocrx_word' id='word_1_54' title='bbox 1213 1177 1309 1249; x_wconf 88' lang='lat' dir='ltr'>atque</span> <span class='ocrx_word' id='word_1_55' title='bbox 1343 1170 1431 1251; x_wconf 81' lang='lat' dir='ltr'>»ipse</span> 
     </span>
     <span class='ocr_line' id='line_1_9' title="bbox 105 1271 1429 1355; baseline 0.002 -21"><span class='ocrx_word' id='word_1_56' title='bbox 105 1327 108 1334; x_wconf 29' lang='lat'><strong>⁴</strong></span> <span class='ocrx_word' id='word_1_57' title='bbox 175 1274 368 1350; x_wconf 78' lang='lat' dir='ltr'>interficioe,</span> <span class='ocrx_word' id='word_1_58' title='bbox 402 1293 593 1355; x_wconf 91' lang='lat' dir='ltr'>summaque</span> <span class='ocrx_word' id='word_1_59' title='bbox 627 1273 785 1336; x_wconf 90' lang='lat' dir='ltr'>sententia</span> <span class='ocrx_word' id='word_1_60' title='bbox 822 1273 884 1336; x_wconf 92' lang='lat' dir='ltr'>loci</span> <span class='ocrx_word' id='word_1_61' title='bbox 912 1274 957 1336; x_wconf 92' lang='lat' dir='ltr'>ita</span> <span class='ocrx_word' id='word_1_62' title='bbox 984 1272 1029 1335; x_wconf 91' lang='lat' dir='ltr'>eis</span> <span class='ocrx_word' id='word_1_63' title='bbox 1051 1271 1214 1336; x_wconf 85' lang='lat' dir='ltr'>intellecta</span> <span class='ocrx_word' id='word_1_64' title='bbox 1233 1282 1297 1336; x_wconf 90' lang='lat' dir='ltr'>est:</span> <span class='ocrx_word' id='word_1_65' title='bbox 1326 1294 1429 1355; x_wconf 77' lang='lat' dir='ltr'>»nego</span> 
     </span>
     <span class='ocr_line' id='line_1_10' title="bbox 175 1376 1431 1462; baseline -0.007 -18"><span class='ocrx_word' id='word_1_66' title='bbox 175 1402 227 1444; x_wconf 91' lang='lat' dir='ltr'>me</span> <span class='ocrx_word' id='word_1_67' title='bbox 242 1389 298 1444; x_wconf 94' lang='lat' dir='ltr'>aut</span> <span class='ocrx_word' id='word_1_68' title='bbox 312 1381 446 1462; x_wconf 91' lang='lat' dir='ltr'>ipsum</span> <span class='ocrx_word' id='word_1_69' title='bbox 470 1388 525 1442; x_wconf 92' lang='lat' dir='ltr'>aut</span> <span class='ocrx_word' id='word_1_70' title='bbox 548 1377 723 1441; x_wconf 87' lang='lat' dir='ltr'>alterius</span> <span class='ocrx_word' id='word_1_71' title='bbox 742 1397 819 1458; x_wconf 93' lang='lat' dir='ltr'>ope</span> <span class='ocrx_word' id='word_1_72' title='bbox 839 1397 931 1439; x_wconf 92' lang='lat' dir='ltr'>usum</span> <span class='ocrx_word' id='word_1_73' title='bbox 946 1376 1140 1442; x_wconf 86' lang='lat' dir='ltr'>interfecisse</span> <span class='ocrx_word' id='word_1_74' title='bbox 1157 1378 1367 1440; x_wconf 75' lang='lat' dir='ltr'>Diodotum«.</span> <span class='ocrx_word' id='word_1_75' title='bbox 1388 1413 1431 1425; x_wconf 91' lang='lat'><em>-</em></span> 
     </span>
     <span class='ocr_line' id='line_1_11' title="bbox 174 1481 1430 1564; baseline -0.004 -16"><span class='ocrx_word' id='word_1_76' title='bbox 174 1486 231 1548; x_wconf 91' lang='lat' dir='ltr'>Ad</span> <span class='ocrx_word' id='word_1_77' title='bbox 269 1485 367 1548; x_wconf 85' lang='lat' dir='ltr'>talem</span> <span class='ocrx_word' id='word_1_78' title='bbox 405 1505 482 1548; x_wconf 91' lang='lat' dir='ltr'>vero</span> <span class='ocrx_word' id='word_1_79' title='bbox 515 1484 680 1546; x_wconf 91' lang='lat' dir='ltr'>notionem</span> <span class='ocrx_word' id='word_1_80' title='bbox 714 1481 800 1544; x_wconf 95' lang='lat' dir='ltr'>nullo</span> <span class='ocrx_word' id='word_1_81' title='bbox 833 1483 1100 1564; x_wconf 89' lang='lat' dir='ltr'>interpretationis</span> <span class='ocrx_word' id='word_1_82' title='bbox 1130 1482 1281 1556; x_wconf 89' lang='lat' dir='ltr'>artificio,</span> <span class='ocrx_word' id='word_1_83' title='bbox 1318 1482 1363 1545; x_wconf 91' lang='lat' dir='ltr'>sic</span> <span class='ocrx_word' id='word_1_84' title='bbox 1395 1489 1430 1543; x_wconf 93' lang='lat' dir='ltr'>ut</span> 
     </span>
     <span class='ocr_line' id='line_1_12' title="bbox 173 1587 1430 1670; baseline -0.004 -17"><span class='ocrx_word' id='word_1_85' title='bbox 173 1591 309 1654; x_wconf 89' lang='lat' dir='ltr'>traditus</span> <span class='ocrx_word' id='word_1_86' title='bbox 341 1600 390 1654; x_wconf 90' lang='lat' dir='ltr'>est</span> <span class='ocrx_word' id='word_1_87' title='bbox 420 1589 509 1652; x_wconf 90' lang='lat' dir='ltr'>locus</span> <span class='ocrx_word' id='word_1_88' title='bbox 538 1587 719 1670; x_wconf 90' lang='lat' dir='ltr'>detorqueri</span> <span class='ocrx_word' id='word_1_89' title='bbox 748 1589 877 1668; x_wconf 86' lang='lat' dir='ltr'>poterit.</span> <span class='ocrx_word' id='word_1_90' title='bbox 917 1589 1022 1652; x_wconf 92' lang='lat' dir='ltr'>Immo</span> <span class='ocrx_word' id='word_1_91' title='bbox 1045 1589 1132 1668; x_wconf 94' lang='lat' dir='ltr'>quod</span> <span class='ocrx_word' id='word_1_92' title='bbox 1155 1590 1230 1651; x_wconf 92' lang='lat' dir='ltr'>dicit</span> <span class='ocrx_word' id='word_1_93' title='bbox 1250 1605 1322 1649; x_wconf 90' lang='lat' dir='ltr'>reus</span> <span class='ocrx_word' id='word_1_94' title='bbox 1348 1607 1430 1648; x_wconf 76' lang='lat' dir='ltr'>»non</span> 
     </span>
     <span class='ocr_line' id='line_1_13' title="bbox 173 1691 1430 1776; baseline -0.005 -16"><span class='ocrx_word' id='word_1_95' title='bbox 173 1695 315 1760; x_wconf 91' lang='lat' dir='ltr'>interfeci</span> <span class='ocrx_word' id='word_1_96' title='bbox 333 1717 407 1759; x_wconf 91' lang='lat' dir='ltr'>eum</span> <span class='ocrx_word' id='word_1_97' title='bbox 430 1715 536 1767; x_wconf 92' lang='lat' dir='ltr'>manu,</span> <span class='ocrx_word' id='word_1_98' title='bbox 566 1692 675 1756; x_wconf 91' lang='lat' dir='ltr'>levans</span> <span class='ocrx_word' id='word_1_99' title='bbox 706 1712 796 1754; x_wconf 76' lang='lat' dir='ltr'>eam«</span> <span class='ocrx_word' id='word_1_100' title='bbox 822 1694 932 1775; x_wconf 91' lang='lat' dir='ltr'>utique</span> <span class='ocrx_word' id='word_1_101' title='bbox 955 1693 1085 1776; x_wconf 88' lang='lat' dir='ltr'>propria</span> <span class='ocrx_word' id='word_1_102' title='bbox 1107 1713 1165 1755; x_wconf 88' lang='lat' dir='ltr'>sua</span> <span class='ocrx_word' id='word_1_103' title='bbox 1187 1694 1218 1755; x_wconf 93' lang='lat' dir='ltr'>vi</span> <span class='ocrx_word' id='word_1_104' title='bbox 1244 1691 1430 1774; x_wconf 88' lang='lat' dir='ltr'>intellegen-</span> 
     </span>
     <span class='ocr_line' id='line_1_14' title="bbox 173 1796 1429 1880; baseline -0.005 -14"><span class='ocrx_word' id='word_1_105' title='bbox 173 1802 250 1866; x_wconf 91' lang='lat' dir='ltr'>dum</span> <span class='ocrx_word' id='word_1_106' title='bbox 272 1811 344 1865; x_wconf 91' lang='lat' dir='ltr'>est:</span> <span class='ocrx_word' id='word_1_107' title='bbox 361 1821 425 1864; x_wconf 94' lang='lat' dir='ltr'>non</span> <span class='ocrx_word' id='word_1_108' title='bbox 446 1819 542 1862; x_wconf 91' lang='lat' dir='ltr'>manu</span> <span class='ocrx_word' id='word_1_109' title='bbox 564 1818 639 1860; x_wconf 90' lang='lat' dir='ltr'>eum</span> <span class='ocrx_word' id='word_1_110' title='bbox 660 1797 771 1872; x_wconf 91' lang='lat' dir='ltr'>occidi,</span> <span class='ocrx_word' id='word_1_111' title='bbox 793 1817 858 1860; x_wconf 93' lang='lat' dir='ltr'>non</span> <span class='ocrx_word' id='word_1_112' title='bbox 878 1807 1009 1860; x_wconf 88' lang='lat' dir='ltr'>cruenta</span> <span class='ocrx_word' id='word_1_113' title='bbox 1024 1798 1124 1860; x_wconf 92' lang='lat' dir='ltr'>caede</span> <span class='ocrx_word' id='word_1_114' title='bbox 1139 1798 1297 1880; x_wconf 80' lang='lat' dir='ltr'>necavi²)l</span> <span class='ocrx_word' id='word_1_115' title='bbox 1322 1796 1429 1878; x_wconf 84' lang='lat' dir='ltr'>Quem</span> 
     </span>
     <span class='ocr_line' id='line_1_15' title="bbox 173 1901 1428 1987; baseline -0.004 -17"><span class='ocrx_word' id='word_1_116' title='bbox 173 1908 259 1970; x_wconf 93' lang='lat' dir='ltr'>enim</span> <span class='ocrx_word' id='word_1_117' title='bbox 285 1907 326 1970; x_wconf 89' lang='lat' dir='ltr'>ad</span> <span class='ocrx_word' id='word_1_118' title='bbox 355 1906 452 1968; x_wconf 90' lang='lat' dir='ltr'>finem</span> <span class='ocrx_word' id='word_1_119' title='bbox 482 1923 704 1987; x_wconf 89' lang='lat' dir='ltr'>percussorem</span> <span class='ocrx_word' id='word_1_120' title='bbox 740 1912 835 1985; x_wconf 87' lang='lat' dir='ltr'>putas</span> <span class='ocrx_word' id='word_1_121' title='bbox 871 1923 1001 1966; x_wconf 91' lang='lat' dir='ltr'>manum</span> <span class='ocrx_word' id='word_1_122' title='bbox 1034 1902 1141 1966; x_wconf 89' lang='lat' dir='ltr'>levare</span> <span class='ocrx_word' id='word_1_123' title='bbox 1173 1903 1231 1966; x_wconf 93' lang='lat' dir='ltr'>nisi</span> <span class='ocrx_word' id='word_1_124' title='bbox 1261 1911 1297 1965; x_wconf 93' lang='lat' dir='ltr'>ut</span> <span class='ocrx_word' id='word_1_125' title='bbox 1328 1901 1428 1976; x_wconf 89' lang='lat' dir='ltr'>feriat,</span> 
     </span>
     <span class='ocr_line' id='line_1_16' title="bbox 174 2008 1429 2091; baseline -0.001 -18"><span class='ocrx_word' id='word_1_126' title='bbox 174 2010 328 2087; x_wconf 92' lang='lat' dir='ltr'>vulneret,</span> <span class='ocrx_word' id='word_1_127' title='bbox 360 2010 505 2074; x_wconf 90' lang='lat' dir='ltr'>trucidet.</span> <span class='ocrx_word' id='word_1_128' title='bbox 551 2008 584 2072; x_wconf 84' lang='lat' dir='ltr'>Si</span> <span class='ocrx_word' id='word_1_129' title='bbox 605 2008 668 2071; x_wconf 96' lang='lat' dir='ltr'>hoc</span> <span class='ocrx_word' id='word_1_130' title='bbox 690 2027 821 2091; x_wconf 92' lang='lat' dir='ltr'>quoque</span> <span class='ocrx_word' id='word_1_131' title='bbox 841 2010 1026 2072; x_wconf 85' lang='lat' dir='ltr'>testimonio</span> <span class='ocrx_word' id='word_1_132' title='bbox 1048 2009 1176 2091; x_wconf 89' lang='lat' dir='ltr'>probari</span> <span class='ocrx_word' id='word_1_133' title='bbox 1199 2011 1256 2084; x_wconf 89' lang='lat' dir='ltr'>vis,</span> <span class='ocrx_word' id='word_1_134' title='bbox 1278 2009 1429 2091; x_wconf 86' lang='lat' dir='ltr'>respicias</span> 
     </span>
     <span class='ocr_line' id='line_1_17' title="bbox 175 2113 836 2196; baseline -0.005 -16"><span class='ocrx_word' id='word_1_135' title='bbox 175 2118 217 2180; x_wconf 88' lang='lat' dir='ltr'>ad</span> <span class='ocrx_word' id='word_1_136' title='bbox 240 2115 425 2179; x_wconf 87' lang='lat' dir='ltr'>Aristotelis</span> <span class='ocrx_word' id='word_1_137' title='bbox 447 2115 555 2178; x_wconf 92' lang='lat' dir='ltr'>locum</span> <span class='ocrx_word' id='word_1_138' title='bbox 575 2134 672 2196; x_wconf 87' lang='lat' dir='ltr'>supra</span> <span class='ocrx_word' id='word_1_139' title='bbox 694 2113 836 2177; x_wconf 91' lang='lat' dir='ltr'>allatum.</span> 
     </span>
    </p>
   </div>
   <div class='ocr_carea' id='block_1_4' title="bbox 172 2237 1430 2534">
    <p class='ocr_par' dir='ltr' id='par_1_4' title="bbox 172 2237 1430 2534">
     <span class='ocr_line' id='line_1_18' title="bbox 257 2237 1428 2323; baseline 0.002 -19"><span class='ocrx_word' id='word_1_140' title='bbox 257 2241 427 2306; x_wconf 87' lang='lat' dir='ltr'>Manifesta</span> <span class='ocrx_word' id='word_1_141' title='bbox 456 2242 505 2305; x_wconf 93' lang='lat' dir='ltr'>vis</span> <span class='ocrx_word' id='word_1_142' title='bbox 534 2240 689 2303; x_wconf 89' lang='lat' dir='ltr'>indicatur</span> <span class='ocrx_word' id='word_1_143' title='bbox 714 2239 896 2322; x_wconf 88' lang='lat' dir='ltr'>ubicunque</span> <span class='ocrx_word' id='word_1_144' title='bbox 924 2237 1009 2323; x_wconf 81' lang='grc' dir='ltr'><strong><em>χειρὶ</em></strong></span> <span class='ocrx_word' id='word_1_145' title='bbox 1039 2239 1153 2320; x_wconf 87' lang='lat' dir='ltr'>aliquis</span> <span class='ocrx_word' id='word_1_146' title='bbox 1181 2239 1285 2322; x_wconf 87' lang='lat' dir='ltr'>egisse</span> <span class='ocrx_word' id='word_1_147' title='bbox 1306 2241 1428 2306; x_wconf 91' lang='lat' dir='ltr'>dicitur.</span> 
     </span>
     <span class='ocr_line' id='line_1_19' title="bbox 175 2343 1430 2428; baseline 0.002 -20"><span class='ocrx_word' id='word_1_148' title='bbox 175 2345 261 2427; x_wconf 88' lang='lat' dir='ltr'>Quid</span> <span class='ocrx_word' id='word_1_149' title='bbox 281 2349 412 2411; x_wconf 91' lang='lat' dir='ltr'>tandem</span> <span class='ocrx_word' id='word_1_150' title='bbox 434 2347 513 2412; x_wconf 88' lang='lat' dir='ltr'>Ant.</span> <span class='ocrx_word' id='word_1_151' title='bbox 536 2345 569 2408; x_wconf 90' lang='lat' dir='ltr'>V</span> <span class='ocrx_word' id='word_1_152' title='bbox 591 2362 631 2426; x_wconf 88' lang='lat'>92</span> <span class='ocrx_word' id='word_1_153' title='bbox 655 2353 687 2408; x_wconf 92' lang='lat' dir='ltr'>et</span> <span class='ocrx_word' id='word_1_154' title='bbox 715 2343 946 2410; x_wconf 86' lang='lat' dir='ltr'>Thuc.11182</span> <span class='ocrx_word' id='word_1_155' title='bbox 970 2344 1086 2406; x_wconf 91' lang='lat' dir='ltr'>iniusto</span> <span class='ocrx_word' id='word_1_156' title='bbox 1110 2345 1225 2407; x_wconf 91' lang='lat' dir='ltr'>iudicio</span> <span class='ocrx_word' id='word_1_157' title='bbox 1255 2348 1430 2428; x_wconf 90' lang='lat' dir='ltr'>opponitur</span> 
     </span>
     <span class='ocr_line' id='line_1_20' title="bbox 172 2447 1430 2534; baseline 0.001 -20"><span class='ocrx_word' id='word_1_158' title='bbox 172 2453 231 2515; x_wconf 92' lang='lat' dir='ltr'>nisi</span> <span class='ocrx_word' id='word_1_159' title='bbox 253 2462 366 2534; x_wconf 88' lang='lat' dir='ltr'>aperta</span> <span class='ocrx_word' id='word_1_160' title='bbox 387 2453 434 2516; x_wconf 91' lang='lat' dir='ltr'>vis</span> <span class='ocrx_word' id='word_1_161' title='bbox 455 2449 638 2516; x_wconf 86' lang='lat' dir='ltr'>armorum?</span> <span class='ocrx_word' id='word_1_162' title='bbox 660 2450 796 2512; x_wconf 90' lang='lat' dir='ltr'>eandem</span> <span class='ocrx_word' id='word_1_163' title='bbox 812 2447 983 2511; x_wconf 88' lang='lat' dir='ltr'>antithesin</span> <span class='ocrx_word' id='word_1_164' title='bbox 1003 2447 1169 2511; x_wconf 89' lang='lat' dir='ltr'>luculentis</span> <span class='ocrx_word' id='word_1_165' title='bbox 1184 2450 1289 2513; x_wconf 92' lang='lat' dir='ltr'>verbis</span> <span class='ocrx_word' id='word_1_166' title='bbox 1307 2450 1430 2534; x_wconf 86' lang='lat' dir='ltr'>profert</span> 
     </span>
    </p>
   </div>
   <div class='ocr_carea' id='block_1_5' title="bbox 172 2545 1428 2850">
    <p class='ocr_par' dir='ltr' id='par_1_5' title="bbox 172 2545 1428 2850">
     <span class='ocr_line' id='line_1_21' title="bbox 173 2545 1426 2643; baseline -0.002 -21"><span class='ocrx_word' id='word_1_167' title='bbox 173 2558 352 2622; x_wconf 90' lang='lat' dir='ltr'>Aeschines</span> <span class='ocrx_word' id='word_1_168' title='bbox 373 2558 404 2620; x_wconf 93' lang='lat' dir='ltr'>II</span> <span class='ocrx_word' id='word_1_169' title='bbox 430 2573 503 2635; x_wconf 92' lang='lat'>114:</span> <span class='ocrx_word' id='word_1_170' title='bbox 540 2546 652 2643; x_wconf 77' lang='grc' dir='ltr'>ἠξίουν</span> <span class='ocrx_word' id='word_1_171' title='bbox 679 2552 723 2639; x_wconf 81' lang='grc' dir='ltr'>μὴ</span> <span class='ocrx_word' id='word_1_172' title='bbox 751 2547 831 2637; x_wconf 70' lang='grc' dir='ltr'>μεθ’</span> <span class='ocrx_word' id='word_1_173' title='bbox 865 2545 979 2618; x_wconf 79' lang='grc' dir='ltr'><em>ὅπλων</em></span> <span class='ocrx_word' id='word_1_174' title='bbox 1007 2545 1092 2617; x_wconf 80' lang='grc' dir='ltr'><em>ἀλλὰ</em></span> <span class='ocrx_word' id='word_1_175' title='bbox 1121 2547 1205 2633; x_wconf 78' lang='grc' dir='ltr'><strong><em>μετὰ</em></strong></span> <span class='ocrx_word' id='word_1_176' title='bbox 1231 2553 1348 2643; x_wconf 80' lang='grc' dir='ltr'><em>ψήφου</em></span> <span class='ocrx_word' id='word_1_177' title='bbox 1370 2556 1426 2620; x_wconf 83' lang='grc' dir='ltr'>καὶ</span> 
     </span>
     <span class='ocr_line' id='line_1_22' title="bbox 172 2651 1427 2746; baseline -0.002 -20"><span class='ocrx_word' id='word_1_178' title='bbox 172 2661 309 2746; x_wconf 83' lang='grc' dir='ltr'><strong><em>κρίσεως</em></strong></span> <span class='ocrx_word' id='word_1_179' title='bbox 328 2658 421 2728; x_wconf 81' lang='grc' dir='ltr'><strong><em>τάκεῖ</em></strong></span> <span class='ocrx_word' id='word_1_180' title='bbox 442 2654 667 2738; x_wconf 72' lang='grc' dir='ltr'><strong><em>καθιστάντας</em></strong></span> <span class='ocrx_word' id='word_1_181' title='bbox 686 2661 727 2722; x_wconf 91' lang='lat' dir='ltr'>ad</span> <span class='ocrx_word' id='word_1_182' title='bbox 749 2661 902 2722; x_wconf 88' lang='lat' dir='ltr'>amussim</span> <span class='ocrx_word' id='word_1_183' title='bbox 925 2651 1015 2723; x_wconf 80' lang='grc' dir='ltr'><strong><em>ὅπλα</em></strong></span> <span class='ocrx_word' id='word_1_184' title='bbox 1037 2659 1234 2740; x_wconf 90' lang='lat' dir='ltr'>respondent</span> <span class='ocrx_word' id='word_1_185' title='bbox 1255 2660 1327 2722; x_wconf 92' lang='lat' dir='ltr'>voci</span> <span class='ocrx_word' id='word_1_186' title='bbox 1342 2659 1427 2744; x_wconf 82' lang='grc' dir='ltr'><strong><em>χειρὶ</em></strong></span> 
     </span>
     <span class='ocr_line' id='line_1_23' title="bbox 172 2762 1428 2850; baseline -0.001 -19"><span class='ocrx_word' id='word_1_187' title='bbox 172 2770 260 2850; x_wconf 83' lang='lat' dir='ltr'>apud</span> <span class='ocrx_word' id='word_1_188' title='bbox 282 2768 418 2850; x_wconf 92' lang='lat' dir='ltr'>Antiph.</span> <span class='ocrx_word' id='word_1_189' title='bbox 441 2777 474 2830; x_wconf 91' lang='lat' dir='ltr'>et</span> <span class='ocrx_word' id='word_1_190' title='bbox 496 2765 599 2832; x_wconf 89' lang='lat' dir='ltr'>Thuc.</span> <span class='ocrx_word' id='word_1_191' title='bbox 647 2763 821 2828; x_wconf 91' lang='lat' dir='ltr'>Cruentam</span> <span class='ocrx_word' id='word_1_192' title='bbox 843 2765 977 2827; x_wconf 88' lang='lat' dir='ltr'>caedem</span> <span class='ocrx_word' id='word_1_193' title='bbox 999 2765 1044 2826; x_wconf 89' lang='lat' dir='ltr'>ita</span> <span class='ocrx_word' id='word_1_194' title='bbox 1065 2762 1193 2826; x_wconf 89' lang='lat' dir='ltr'>indicari</span> <span class='ocrx_word' id='word_1_195' title='bbox 1215 2765 1320 2829; x_wconf 88' lang='lat' dir='ltr'>solere</span> <span class='ocrx_word' id='word_1_196' title='bbox 1343 2769 1428 2830; x_wconf 91' lang='lat' dir='ltr'>innu-</span> 
     </span>
    </p>
   </div>
   <div class='ocr_carea' id='block_1_6' title="bbox 173 2871 696 2938">
    <p class='ocr_par' dir='ltr' id='par_1_6' title="bbox 173 2871 696 2938">
     <span class='ocr_line' id='line_1_24' title="bbox 173 2871 696 2938; baseline -0.008 -2"><span class='ocrx_word' id='word_1_197' title='bbox 173 2873 338 2938; x_wconf 86' lang='lat' dir='ltr'>merabilia</span> <span class='ocrx_word' id='word_1_198' title='bbox 359 2876 477 2937; x_wconf 92' lang='lat' dir='ltr'>docent</span> <span class='ocrx_word' id='word_1_199' title='bbox 499 2871 696 2936; x_wconf 91' lang='lat' dir='ltr'>testimonia:</span> 
     </span>
    </p>
   </div>
   <div class='ocr_carea' id='block_1_7' title="bbox 171 2986 1428 3502">
    <p class='ocr_par' dir='ltr' id='par_1_7' title="bbox 171 2986 1428 3502">
     <span class='ocr_line' id='line_1_25' title="bbox 256 2986 1428 3082; baseline 0 -20"><span class='ocrx_word' id='word_1_200' title='bbox 256 2998 392 3081; x_wconf 89' lang='lat' dir='ltr'>Antiph.</span> <span class='ocrx_word' id='word_1_201' title='bbox 422 2998 542 3066; x_wconf 90' lang='lat' dir='ltr'>Tetral.</span> <span class='ocrx_word' id='word_1_202' title='bbox 571 3003 607 3062; x_wconf 91' lang='grc' dir='ltr'>Γ.</span> <span class='ocrx_word' id='word_1_203' title='bbox 636 3018 708 3061; x_wconf 93' lang='lat' dir='ltr'>reus</span> <span class='ocrx_word' id='word_1_204' title='bbox 744 2996 878 3080; x_wconf 90' lang='lat' dir='ltr'>perfecit</span> <span class='ocrx_word' id='word_1_205' title='bbox 913 2996 1047 3059; x_wconf 88' lang='lat' dir='ltr'>caedem</span> <span class='ocrx_word' id='word_1_206' title='bbox 1081 2992 1122 3078; x_wconf 85' lang='lat' dir='ltr'>(y.</span> <span class='ocrx_word' id='word_1_207' title='bbox 1157 2997 1201 3078; x_wconf 78' lang='lat'>3):</span> <span class='ocrx_word' id='word_1_208' title='bbox 1239 2986 1428 3082; x_wconf 69' lang='grc' dir='ltr'><strong><em>ἇκμαζοῦσῃ</em></strong></span> 
     </span>
     <span class='ocr_line' id='line_1_26' title="bbox 171 3096 1427 3192; baseline -0.002 -24"><span class='ocrx_word' id='word_1_209' title='bbox 171 3105 212 3192; x_wconf 80' lang='grc' dir='ltr'>τῇ</span> <span class='ocrx_word' id='word_1_210' title='bbox 233 3105 325 3192; x_wconf 58' lang='lat' dir='ltr'>quipp</span> <span class='ocrx_word' id='word_1_211' title='bbox 345 3107 424 3170; x_wconf 80' lang='grc' dir='ltr'>τῶν</span> <span class='ocrx_word' id='word_1_212' title='bbox 443 3103 612 3188; x_wconf 59' lang='lat' dir='ltr'>perperim</span> <span class='ocrx_word' id='word_1_213' title='bbox 643 3114 676 3167; x_wconf 93' lang='lat' dir='ltr'>et</span> <span class='ocrx_word' id='word_1_214' title='bbox 698 3104 864 3185; x_wconf 90' lang='lat' dir='ltr'>quomodo</span> <span class='ocrx_word' id='word_1_215' title='bbox 886 3122 961 3165; x_wconf 91' lang='lat' dir='ltr'>eum</span> <span class='ocrx_word' id='word_1_216' title='bbox 983 3098 1159 3163; x_wconf 83' lang='lat' dir='ltr'>interfecit?</span> <span class='ocrx_word' id='word_1_217' title='bbox 1181 3121 1187 3163; x_wconf 92' lang='lat'>:</span> <span class='ocrx_word' id='word_1_218' title='bbox 1210 3096 1341 3164; x_wconf 78' lang='grc' dir='ltr'><strong><em>τύπτων</em></strong></span> <span class='ocrx_word' id='word_1_219' title='bbox 1370 3100 1427 3167; x_wconf 84' lang='grc' dir='ltr'>καὶ</span> 
     </span>
     <span class='ocr_line' id='line_1_27' title="bbox 172 3205 1428 3294; baseline -0.002 -21"><span class='ocrx_word' id='word_1_220' title='bbox 172 3207 299 3294; x_wconf 74' lang='grc' dir='ltr'><em>πνίγων</em></span> <span class='ocrx_word' id='word_1_221' title='bbox 319 3211 361 3291; x_wconf 83' lang='grc' dir='ltr'>(α.</span> <span class='ocrx_word' id='word_1_222' title='bbox 384 3212 425 3291; x_wconf 87' lang='lat'>6).</span> <span class='ocrx_word' id='word_1_223' title='bbox 470 3210 549 3291; x_wconf 91' lang='lat' dir='ltr'>Lys.</span> <span class='ocrx_word' id='word_1_224' title='bbox 572 3229 618 3272; x_wconf 94' lang='lat' dir='ltr'>or.</span> <span class='ocrx_word' id='word_1_225' title='bbox 641 3208 705 3271; x_wconf 94' lang='lat' dir='ltr'>IV:</span> <span class='ocrx_word' id='word_1_226' title='bbox 736 3229 808 3272; x_wconf 91' lang='lat' dir='ltr'>reus</span> <span class='ocrx_word' id='word_1_227' title='bbox 837 3207 1055 3271; x_wconf 87' lang='lat' dir='ltr'>adversarium</span> <span class='ocrx_word' id='word_1_228' title='bbox 1083 3225 1177 3268; x_wconf 90' lang='lat' dir='ltr'>suum</span> <span class='ocrx_word' id='word_1_229' title='bbox 1199 3205 1259 3268; x_wconf 91' lang='lat' dir='ltr'>sub</span> <span class='ocrx_word' id='word_1_230' title='bbox 1281 3207 1428 3270; x_wconf 88' lang='lat' dir='ltr'>manibus</span> 
     </span>
     <span class='ocr_line' id='line_1_28' title="bbox 171 3301 1427 3397; baseline 0 -21"><span class='ocrx_word' id='word_1_231' title='bbox 171 3313 293 3390; x_wconf 88' lang='lat' dir='ltr'>habuit,</span> <span class='ocrx_word' id='word_1_232' title='bbox 323 3307 578 3397; x_wconf 79' lang='grc' dir='ltr'><em>ὑποχείριον</em></span> <span class='ocrx_word' id='word_1_233' title='bbox 600 3305 711 3396; x_wconf 79' lang='grc' dir='ltr'><strong><em>λαβών</em></strong></span> <span class='ocrx_word' id='word_1_234' title='bbox 732 3315 767 3395; x_wconf 68' lang='grc' dir='ltr'>(ξ</span> <span class='ocrx_word' id='word_1_235' title='bbox 791 3314 834 3396; x_wconf 83' lang='grc'>5),</span> <span class='ocrx_word' id='word_1_236' title='bbox 862 3313 986 3394; x_wconf 84' lang='lat' dir='ltr'>pugnis,</span> <span class='ocrx_word' id='word_1_237' title='bbox 1010 3301 1086 3391; x_wconf 79' lang='grc' dir='ltr'><em>πύξ,</em></span> <span class='ocrx_word' id='word_1_238' title='bbox 1117 3311 1277 3373; x_wconf 89' lang='lat' dir='ltr'>invectum</span> <span class='ocrx_word' id='word_1_239' title='bbox 1298 3332 1333 3375; x_wconf 91' lang='lat' dir='ltr'>se</span> <span class='ocrx_word' id='word_1_240' title='bbox 1356 3333 1427 3376; x_wconf 89' lang='lat' dir='ltr'>esse</span> 
     </span>
     <span class='ocr_line' id='line_1_29' title="bbox 174 3414 1427 3502; baseline 0.001 -21"><span class='ocrx_word' id='word_1_241' title='bbox 174 3419 205 3481; x_wconf 94' lang='lat' dir='ltr'>in</span> <span class='ocrx_word' id='word_1_242' title='bbox 231 3440 304 3484; x_wconf 91' lang='lat' dir='ltr'>eum</span> <span class='ocrx_word' id='word_1_243' title='bbox 324 3422 394 3502; x_wconf 91' lang='lat' dir='ltr'>ipse</span> <span class='ocrx_word' id='word_1_244' title='bbox 416 3429 523 3483; x_wconf 91' lang='lat' dir='ltr'>narrat</span> <span class='ocrx_word' id='word_1_245' title='bbox 543 3420 576 3500; x_wconf 66' lang='grc' dir='ltr'>(ξ</span> <span class='ocrx_word' id='word_1_246' title='bbox 601 3420 640 3499; x_wconf 85' lang='grc'>5).</span> <span class='ocrx_word' id='word_1_247' title='bbox 690 3418 829 3481; x_wconf 89' lang='lat' dir='ltr'>Armata</span> <span class='ocrx_word' id='word_1_248' title='bbox 856 3417 972 3480; x_wconf 91' lang='lat' dir='ltr'>deinde</span> <span class='ocrx_word' id='word_1_249' title='bbox 1002 3437 1097 3480; x_wconf 91' lang='lat' dir='ltr'>manu</span> <span class='ocrx_word' id='word_1_250' title='bbox 1128 3414 1260 3479; x_wconf 89' lang='lat' dir='ltr'>Orestes</span> <span class='ocrx_word' id='word_1_251' title='bbox 1291 3427 1427 3482; x_wconf 89' lang='lat' dir='ltr'>matrem</span> 
     </span>
    </p>
   </div>
   <div class='ocr_carea' id='block_1_8' title="bbox 170 3628 1430 4320">
    <p class='ocr_par' dir='ltr' id='par_1_8' title="bbox 172 3628 1430 3787">
     <span class='ocr_line' id='line_1_30' title="bbox 261 3628 1430 3698; baseline -0.003 -14"><span class='ocrx_word' id='word_1_252' title='bbox 261 3632 282 3698; x_wconf 85' lang='lat'>¹)</span> <span class='ocrx_word' id='word_1_253' title='bbox 300 3635 443 3684; x_wconf 81' lang='lat' dir='ltr'>Probaruut</span> <span class='ocrx_word' id='word_1_254' title='bbox 461 3631 573 3682; x_wconf 82' lang='lat' dir='ltr'>Dobraei</span> <span class='ocrx_word' id='word_1_255' title='bbox 597 3631 767 3681; x_wconf 82' lang='lat' dir='ltr'>coniecturam</span> <span class='ocrx_word' id='word_1_256' title='bbox 785 3635 811 3679; x_wconf 92' lang='lat' dir='ltr'>et</span> <span class='ocrx_word' id='word_1_257' title='bbox 828 3628 936 3678; x_wconf 83' lang='lat' dir='ltr'>editores</span> <span class='ocrx_word' id='word_1_258' title='bbox 953 3644 1042 3678; x_wconf 88' lang='lat' dir='ltr'>omnes</span> <span class='ocrx_word' id='word_1_259' title='bbox 1058 3655 1093 3666; x_wconf 93' lang='lat'>—</span> <span class='ocrx_word' id='word_1_260' title='bbox 1111 3637 1210 3694; x_wconf 86' lang='lat' dir='ltr'>praeter</span> <span class='ocrx_word' id='word_1_261' title='bbox 1229 3629 1377 3680; x_wconf 87' lang='lat' dir='ltr'>Turicenses</span> <span class='ocrx_word' id='word_1_262' title='bbox 1394 3658 1430 3668; x_wconf 96' lang='lat'>-</span> 
     </span>
     <span class='ocr_line' id='line_1_31' title="bbox 172 3717 1097 3787; baseline -0.004 -17"><span class='ocrx_word' id='word_1_263' title='bbox 172 3728 198 3770; x_wconf 90' lang='lat' dir='ltr'>et</span> <span class='ocrx_word' id='word_1_264' title='bbox 215 3721 302 3787; x_wconf 89' lang='lat' dir='ltr'>reliqui</span> <span class='ocrx_word' id='word_1_265' title='bbox 319 3722 365 3772; x_wconf 84' lang='lat' dir='ltr'>viri</span> <span class='ocrx_word' id='word_1_266' title='bbox 383 3720 453 3770; x_wconf 91' lang='lat' dir='ltr'>docti</span> <span class='ocrx_word' id='word_1_267' title='bbox 474 3720 517 3786; x_wconf 90' lang='lat' dir='ltr'>qui</span> <span class='ocrx_word' id='word_1_268' title='bbox 537 3721 621 3769; x_wconf 87' lang='lat' dir='ltr'>locum</span> <span class='ocrx_word' id='word_1_269' title='bbox 639 3719 775 3783; x_wconf 78' lang='lat' dir='ltr'>tetigerunt</span> <span class='ocrx_word' id='word_1_270' title='bbox 792 3717 940 3782; x_wconf 88' lang='lat' dir='ltr'>plerumque</span> <span class='ocrx_word' id='word_1_271' title='bbox 958 3733 973 3766; x_wconf 88' lang='lat' dir='ltr'>e</span> <span class='ocrx_word' id='word_1_272' title='bbox 990 3717 1097 3768; x_wconf 88' lang='lat' dir='ltr'>silentio.</span> 
     </span>
    </p>

    <p class='ocr_par' dir='ltr' id='par_1_9' title="bbox 170 3805 1428 4320">
     <span class='ocr_line' id='line_1_32' title="bbox 257 3805 1428 3877; baseline -0.003 -17"><span class='ocrx_word' id='word_1_273' title='bbox 257 3808 279 3877; x_wconf 84' lang='lat'>²)</span> <span class='ocrx_word' id='word_1_274' title='bbox 297 3811 358 3860; x_wconf 90' lang='lat' dir='ltr'>Noli</span> <span class='ocrx_word' id='word_1_275' title='bbox 388 3825 448 3859; x_wconf 86' lang='lat' dir='ltr'>vero</span> <span class='ocrx_word' id='word_1_276' title='bbox 480 3809 506 3858; x_wconf 89' lang='lat' dir='ltr'>in</span> <span class='ocrx_word' id='word_1_277' title='bbox 539 3824 570 3858; x_wconf 93' lang='lat' dir='ltr'>eo</span> <span class='ocrx_word' id='word_1_278' title='bbox 602 3808 703 3856; x_wconf 84' lang='lat' dir='ltr'>haerere</span> <span class='ocrx_word' id='word_1_279' title='bbox 735 3806 807 3871; x_wconf 92' lang='lat' dir='ltr'>quod</span> <span class='ocrx_word' id='word_1_280' title='bbox 839 3814 942 3856; x_wconf 87' lang='lat' dir='ltr'>cruenta</span> <span class='ocrx_word' id='word_1_281' title='bbox 974 3806 1052 3856; x_wconf 84' lang='lat' dir='ltr'>caede</span> <span class='ocrx_word' id='word_1_282' title='bbox 1084 3821 1189 3871; x_wconf 89' lang='lat' dir='ltr'>puemm</span> <span class='ocrx_word' id='word_1_283' title='bbox 1220 3821 1247 3855; x_wconf 83' lang='lat' dir='ltr'>se</span> <span class='ocrx_word' id='word_1_284' title='bbox 1277 3805 1428 3856; x_wconf 87' lang='lat' dir='ltr'>interfecisse</span> 
     </span>
     <span class='ocr_line' id='line_1_33' title="bbox 170 3893 1427 3964; baseline -0.003 -18"><span class='ocrx_word' id='word_1_285' title='bbox 170 3913 227 3947; x_wconf 87' lang='lat' dir='ltr'>reus</span> <span class='ocrx_word' id='word_1_286' title='bbox 256 3907 346 3964; x_wconf 86' lang='lat' dir='ltr'>negat,</span> <span class='ocrx_word' id='word_1_287' title='bbox 374 3915 431 3949; x_wconf 91' lang='lat' dir='ltr'>cum</span> <span class='ocrx_word' id='word_1_288' title='bbox 460 3897 511 3946; x_wconf 92' lang='lat' dir='ltr'>hoc</span> <span class='ocrx_word' id='word_1_289' title='bbox 543 3896 645 3961; x_wconf 89' lang='lat' dir='ltr'>quidem</span> <span class='ocrx_word' id='word_1_290' title='bbox 670 3911 746 3944; x_wconf 90' lang='lat' dir='ltr'>nemo</span> <span class='ocrx_word' id='word_1_291' title='bbox 771 3893 794 3943; x_wconf 88' lang='lat' dir='ltr'>ei</span> <span class='ocrx_word' id='word_1_292' title='bbox 819 3893 921 3943; x_wconf 85' lang='lat' dir='ltr'>obiciat.</span> <span class='ocrx_word' id='word_1_293' title='bbox 957 3895 1030 3943; x_wconf 87' lang='lat' dir='ltr'>Duae</span> <span class='ocrx_word' id='word_1_294' title='bbox 1053 3903 1111 3943; x_wconf 88' lang='lat' dir='ltr'>sunt</span> <span class='ocrx_word' id='word_1_295' title='bbox 1134 3895 1238 3944; x_wconf 90' lang='lat' dir='ltr'>omuino</span> <span class='ocrx_word' id='word_1_296' title='bbox 1263 3893 1427 3945; x_wconf 87' lang='lat' dir='ltr'>interficiendi</span> 
     </span>
     <span class='ocr_line' id='line_1_34' title="bbox 170 3982 1428 4048; baseline -0.002 -13"><span class='ocrx_word' id='word_1_297' title='bbox 170 3987 280 4036; x_wconf 87' lang='lat' dir='ltr'>rationes</span> <span class='ocrx_word' id='word_1_298' title='bbox 305 3994 348 4037; x_wconf 85' lang='lat' dir='ltr'>aut</span> <span class='ocrx_word' id='word_1_299' title='bbox 369 3986 500 4036; x_wconf 84' lang='lat' dir='ltr'>manifesta</span> <span class='ocrx_word' id='word_1_300' title='bbox 524 3994 567 4036; x_wconf 81' lang='lat' dir='ltr'>aut</span> <span class='ocrx_word' id='word_1_301' title='bbox 590 4000 643 4033; x_wconf 90' lang='lat' dir='ltr'>non</span> <span class='ocrx_word' id='word_1_302' title='bbox 668 3983 808 4034; x_wconf 80' lang='lat' dir='ltr'>manifesta.</span> <span class='ocrx_word' id='word_1_303' title='bbox 844 3983 934 4047; x_wconf 86' lang='lat' dir='ltr'>Itaque</span> <span class='ocrx_word' id='word_1_304' title='bbox 951 3998 1053 4032; x_wconf 87' lang='lat' dir='ltr'>omnem</span> <span class='ocrx_word' id='word_1_305' title='bbox 1070 3983 1239 4048; x_wconf 85' lang='lat' dir='ltr'>suspicionem</span> <span class='ocrx_word' id='word_1_306' title='bbox 1256 3982 1369 4032; x_wconf 84' lang='lat' dir='ltr'>funditus</span> <span class='ocrx_word' id='word_1_307' title='bbox 1385 3983 1428 4032; x_wconf 88' lang='lat' dir='ltr'>de·</span> 
     </span>
     <span class='ocr_line' id='line_1_35' title="bbox 172 4070 1424 4140; baseline -0.005 -16"><span class='ocrx_word' id='word_1_308' title='bbox 172 4085 339 4140; x_wconf 81' lang='lat' dir='ltr'>pugnaturus,</span> <span class='ocrx_word' id='word_1_309' title='bbox 366 4085 498 4140; x_wconf 87' lang='lat' dir='ltr'>utramque</span> <span class='ocrx_word' id='word_1_310' title='bbox 522 4073 606 4124; x_wconf 80' lang='lat' dir='ltr'>caedis</span> <span class='ocrx_word' id='word_1_311' title='bbox 628 4073 752 4123; x_wconf 86' lang='lat' dir='ltr'>rationem</span> <span class='ocrx_word' id='word_1_312' title='bbox 770 4087 815 4136; x_wconf 89' lang='lat' dir='ltr'>per</span> <span class='ocrx_word' id='word_1_313' title='bbox 833 4087 860 4121; x_wconf 87' lang='lat' dir='ltr'>se</span> <span class='ocrx_word' id='word_1_314' title='bbox 877 4071 951 4136; x_wconf 91' lang='lat' dir='ltr'>ponit</span> <span class='ocrx_word' id='word_1_315' title='bbox 969 4079 997 4120; x_wconf 88' lang='lat' dir='ltr'>ut</span> <span class='ocrx_word' id='word_1_316' title='bbox 1014 4072 1091 4120; x_wconf 84' lang='lat' dir='ltr'>ambo</span> <span class='ocrx_word' id='word_1_317' title='bbox 1108 4071 1205 4121; x_wconf 85' lang='lat' dir='ltr'>refutet.</span> <span class='ocrx_word' id='word_1_318' title='bbox 1243 4070 1353 4132; x_wconf 85' lang='lat' dir='ltr'>Vahlen,</span> <span class='ocrx_word' id='word_1_319' title='bbox 1371 4070 1389 4121; x_wconf 89' lang='lat'>1.</span> <span class='ocrx_word' id='word_1_320' title='bbox 1407 4070 1424 4118; x_wconf 95' lang='lat' dir='ltr'>l.</span> 
     </span>
     <span class='ocr_line' id='line_1_36' title="bbox 172 4159 1428 4228; baseline -0.006 -14"><span class='ocrx_word' id='word_1_321' title='bbox 172 4180 199 4228; x_wconf 91' lang='lat' dir='ltr'>p.</span> <span class='ocrx_word' id='word_1_322' title='bbox 224 4164 296 4228; x_wconf 85' lang='lat' dir='ltr'>1(ad</span> <span class='ocrx_word' id='word_1_323' title='bbox 320 4164 432 4214; x_wconf 84' lang='lat' dir='ltr'>Platonis</span> <span class='ocrx_word' id='word_1_324' title='bbox 449 4161 605 4226; x_wconf 88' lang='lat' dir='ltr'>Philebum)·.</span> <span class='ocrx_word' id='word_1_325' title='bbox 631 4177 676 4210; x_wconf 79' lang='lat' dir='ltr'>»ea</span> <span class='ocrx_word' id='word_1_326' title='bbox 700 4161 767 4210; x_wconf 89' lang='lat' dir='ltr'>eninr</span> <span class='ocrx_word' id='word_1_327' title='bbox 787 4166 825 4208; x_wconf 87' lang='lat' dir='ltr'>est</span> <span class='ocrx_word' id='word_1_328' title='bbox 845 4159 884 4208; x_wconf 83' lang='lat' dir='ltr'>vis</span> <span class='ocrx_word' id='word_1_329' title='bbox 907 4160 1083 4225; x_wconf 81' lang='lat' dir='ltr'>copulatorum</span> <span class='ocrx_word' id='word_1_330' title='bbox 1107 4161 1297 4216; x_wconf 83' lang='lat' dir='ltr'>contrariorum,</span> <span class='ocrx_word' id='word_1_331' title='bbox 1325 4173 1377 4208; x_wconf 90' lang='lat' dir='ltr'>non</span> <span class='ocrx_word' id='word_1_332' title='bbox 1401 4165 1428 4206; x_wconf 90' lang='lat' dir='ltr'>ut</span> 
     </span>
     <span class='ocr_line' id='line_1_37' title="bbox 170 4246 1425 4320; baseline -0.003 -20"><span class='ocrx_word' id='word_1_333' title='bbox 170 4259 304 4318; x_wconf 89' lang='lat' dir='ltr'>utrumque</span> <span class='ocrx_word' id='word_1_334' title='bbox 321 4269 366 4320; x_wconf 89' lang='lat' dir='ltr'>per</span> <span class='ocrx_word' id='word_1_335' title='bbox 377 4268 403 4301; x_wconf 88' lang='lat' dir='ltr'>se</span> <span class='ocrx_word' id='word_1_336' title='bbox 421 4259 546 4317; x_wconf 88' lang='lat' dir='ltr'>spectetur</span> <span class='ocrx_word' id='word_1_337' title='bbox 565 4250 609 4300; x_wconf 87' lang='lat' dir='ltr'>sed</span> <span class='ocrx_word' id='word_1_338' title='bbox 627 4258 655 4300; x_wconf 93' lang='lat' dir='ltr'>ut</span> <span class='ocrx_word' id='word_1_339' title='bbox 672 4249 811 4299; x_wconf 88' lang='lat' dir='ltr'>coniunctis</span> <span class='ocrx_word' id='word_1_340' title='bbox 830 4247 930 4297; x_wconf 87' lang='lat' dir='ltr'>duobus</span> <span class='ocrx_word' id='word_1_341' title='bbox 948 4264 998 4300; x_wconf 88' lang='lat' dir='ltr'>una</span> <span class='ocrx_word' id='word_1_342' title='bbox 1015 4247 1137 4299; x_wconf 76' lang='lat' dir='ltr'>efficiatur</span> <span class='ocrx_word' id='word_1_343' title='bbox 1148 4246 1271 4299; x_wconf 85' lang='lat' dir='ltr'>sententia</span> <span class='ocrx_word' id='word_1_344' title='bbox 1284 4246 1425 4302; x_wconf 79' lang='lat' dir='ltr'>universa«,</span> 
     </span>
    </p>
   </div>
   <div class='ocr_carea' id='block_1_9' title="bbox 170 4337 772 4407">
    <p class='ocr_par' dir='ltr' id='par_1_10' title="bbox 170 4337 772 4407">
     <span class='ocr_line' id='line_1_38' title="bbox 170 4337 772 4407; baseline -0.007 -16"><span class='ocrx_word' id='word_1_345' title='bbox 170 4356 246 4407; x_wconf 85' lang='lat' dir='ltr'>quarn</span> <span class='ocrx_word' id='word_1_346' title='bbox 264 4358 317 4392; x_wconf 90' lang='lat' dir='ltr'>rem</span> <span class='ocrx_word' id='word_1_347' title='bbox 335 4340 466 4392; x_wconf 85' lang='lat' dir='ltr'>illustravit</span> <span class='ocrx_word' id='word_1_348' title='bbox 485 4339 568 4390; x_wconf 89' lang='lat' dir='ltr'>multis</span> <span class='ocrx_word' id='word_1_349' title='bbox 588 4337 719 4404; x_wconf 84' lang='lat' dir='ltr'>exemplis.</span> <span class='ocrx_word' id='word_1_350' title='bbox 738 4367 772 4376; x_wconf 94' lang='lat'>-</span> 
     </span>
    </p>
   </div>
   <div class='ocr_carea' id='block_1_10' title="bbox 0 0 1680 4994">
    <p class='ocr_par' dir='ltr' id='par_1_11' title="bbox 0 0 1680 4994">
     <span class='ocr_line' id='line_1_39' title="bbox 0 0 1680 4994; baseline 0 0"><span class='ocrx_word' id='word_1_351' title='bbox 0 0 1680 4994; x_wconf 95' lang='lat' dir='ltr'> </span> 
     </span>
    </p>
   </div>
  </div>
 </body>
</html>
