3352 4994
765 306 954 368 -3-

231 467 270 522 et
292 451 393 547 φόνος
414 449 589 539 ἀκούσιος),
620 458 661 520 ad
683 456 767 520 hanc
791 457 973 539 analogiam
994 458 1185 520 servandam
1206 457 1271 519 duo
1292 452 1493 540 βουλεύσεως

231 584 366 644 quoque
388 583 506 644 genera
528 571 690 644 ponuntur
708 583 713 624 :
731 561 866 625 alterum
881 563 1023 625 incitatio
1038 559 1075 627 ἐκ
1090 559 1258 645 προνοίας,
1281 562 1426 642 alterurn,
1449 601 1492 610 -

231 669 378 732 calamus
416 677 449 732 et
483 667 593 730 charta
622 677 803 750 repugnant
831 667 908 730 milri
937 666 988 730 vel
1016 687 1134 730 nomen
1163 668 1311 730 scribenti
1328 669 1491 734 :incitatio

232 763 310 838 ίίνεο
322 769 483 856 προνοίας
491 774 522 855 ¹).
546 773 630 837 Huic
643 773 781 835 tabellae
798 772 1019 835 concinnitatis
1032 771 1161 834 laudem
1178 773 1346 836 tribuimus
1360 773 1491 854 plenam

233 880 374 960 quidem,
399 889 432 941 at
454 879 558 942 solam
580 898 669 955 eam;
694 887 829 941 conatus
851 877 935 940 enim
958 876 1132 958 intelligere
1155 878 1231 958 quid
1253 880 1384 942 tandem
1399 879 1492 961 signi·
1586 913 1587 916 ¹

231 983 310 1046 ficet
343 984 502 1048 »incitatio
529 984 766 1046 involuntario«
798 1002 960 1064 nunquam
990 983 1031 1045 ad
1059 981 1156 1044 finem
1185 984 1351 1064 pervenire
1373 985 1491 1047 iustum

230 1091 334 1171 potui.
377 1089 488 1170 Atque
511 1108 632 1170 quaero
654 1089 792 1170 primum
815 1087 954 1168 quidem,
977 1107 1054 1149 num
1077 1089 1147 1169 quis
1169 1089 1273 1170 possit
1293 1089 1335 1150 ad
1357 1090 1491 1173 caedem

230 1195 371 1256 alterum
400 1194 539 1268 incitare,
569 1215 642 1256 cum
672 1195 740 1275 ipse
762 1193 795 1255 id
818 1213 921 1275 neque
943 1192 1020 1256 velit
1042 1212 1146 1273 neque
1168 1194 1200 1255 in
1222 1195 1329 1256 animo
1352 1193 1491 1258 habeat?

235 1299 366 1360 Minime
386 1298 449 1360 hoc
471 1298 537 1361 fieri
560 1307 669 1380 potest
691 1307 746 1361 aut
769 1299 900 1361 omnino
922 1298 1065 1380 cogitari.
1103 1297 1237 1360 Incitare
1259 1308 1369 1379 potest
1383 1320 1489 1374 nemo,

234 1405 292 1466 nisi
322 1405 375 1484 qui
408 1401 540 1486 plenum
569 1405 638 1486 ipse
669 1402 816 1466 facinoris
848 1403 1013 1466 consilium
1044 1402 1205 1485 habeat2).
1263 1403 1318 1465 An
1354 1404 1490 1468 fortasse

230 1503 406 1593 βούλευσίς
435 1499 513 1573 ίίνον·
536 1506 695 1594 προνοίας
723 1508 938 1590 intellegenda
966 1516 1016 1570 est
1045 1508 1181 1572 incitatio
1209 1509 1258 1570 ad
1284 1510 1412 1572 caedem
1445 1511 1490 1572 in-

234 1610 481 1677 voluntariam?
487 1611 500 1676 ί
543 1613 644 1705 Hanc.
666 1614 855 1676 sententiam
886 1615 929 1676 ita
958 1615 1089 1676 demum
1118 1613 1275 1694 probabo,
1305 1615 1330 1676 si
1359 1616 1490 1677 demon-

230 1728 370 1782 stratum
392 1720 460 1792 erit,
485 1719 605 1781 incitari
619 1720 760 1800 aliquem
776 1740 872 1800 posse
890 1728 925 1781 ut
946 1739 1005 1800 per
1026 1737 1136 1780 casum
1151 1719 1179 1780 ei
1199 1718 1317 1800 aliquid
1332 1729 1487 1792 occurrat,

232 1844 374 1905 namque
412 1825 500 1904 quod
539 1818 701 1902 ἀκουσίως
739 1824 872 1888 facimus
900 1833 1028 1907 praeter
1056 1822 1256 1885 voluntatem
1285 1844 1360 1886 casu
1398 1825 1489 1886 nobis

230 1929 356 1992 accidit.
401 1927 537 2010 Antiph.
562 1929 593 1990 V
616 1945 674 2008 92:
703 1924 741 1994 τὸ
772 1927 831 2010 μὲν
854 1917 914 2013 γορ
937 1921 1092 1994 ἀκούσιον
1122 1919 1297 2014 ἁμάρτημα
1318 1929 1374 2015 τῆς
1394 1923 1490 2015 τύχης

230 2031 315 2114 ἐστί,
338 2029 434 2099 τὸδὲ
457 2028 606 2098 ἑκούσιον
626 2036 682 2121 τῆς
704 2028 837 2120 γνώμης,
1482 2097 1483 2102 ,

318 2139 516 2220 Exemplum
549 2159 614 2220 quo
641 2138 777 2221 Philippi
786 2143 805 2222 ³)
830 2140 1046 2202 incitationem
1068 2136 1310 2201 involuntariam
1333 2139 1490 2203 illustrare

229 2244 341 2307 studet
368 2265 433 2307 non
461 2244 502 2306 ad
530 2265 597 2306 rem
625 2243 714 2308 lacit:
753 2243 788 2307 Si
815 2245 886 2325 quis
921 2254 957 2306 ut
990 2243 1138 2306 verberet
1169 2242 1314 2317 tertium,
1349 2245 1489 2326 aliquem

229 2350 350 2426 incitat,
375 2352 400 2412 is
422 2359 531 2412 autem
554 2349 683 2413 ulterius
706 2370 805 2430 quam
827 2350 937 2413 debuit
959 2359 1057 2431 atque
1072 2348 1174 2410 iussus
1197 2356 1273 2422 erat,
1297 2369 1488 2430 progressus

230 2457 328 2518 morti
351 2455 438 2519 illum
462 2456 594 2532 dederit,
617 2465 686 2518 tum
709 2457 735 2518 is
758 2457 811 2536 qui
834 2457 1022 2518 mandatum
1043 2454 1132 2516 dedit
1153 2451 1350 2528 verberandi,
1381 2457 1488 2518 caedis

228 2581 297 2624 non
329 2561 495 2624 habendus
533 2570 582 2623 est
618 2570 745 2623 auctor:
788 2581 892 2643 neque
927 2561 1011 2623 enim
1047 2559 1137 2622 caedi
1174 2559 1316 2621 iusserat.
1371 2558 1486 2624 Caedis

228 2668 424 2729 commissae
455 2668 610 2730 rationem
644 2667 669 2729 is
700 2667 753 2748 qui
789 2687 861 2729 eam
898 2665 1030 2748 perfecit
1066 2663 1155 2726 solus
1183 2663 1316 2726 reddere
1347 2665 1486 2748 debet4).

227 2771 377 2835 Incitatio
400 2773 467 2834 sine
488 2772 654 2835 voluntate
676 2770 761 2833 nulla
785 2791 855 2833 esse
875 2779 992 2852 potest,
1016 2790 1144 2849 semper
1167 2779 1216 2833 est
1237 2769 1360 2836 dolosa.
1396 2772 1486 2852 Ergo

227 2897 251 2938 a
273 2875 379 2939 limine
399 2897 471 2940 eam
494 2877 679 2958 reicimus⁵).

317 3045 338 3110 ¹)
357 3047 476 3114 Philippi,
497 3052 617 3114 Areopag
631 3065 657 3097 n.
678 3049 794 3113 Epheten
812 3048 854 3110 36.
894 3047 1064 3107 Schoemann,
1084 3047 1207 3096 Fleckeis.
1225 3045 1313 3110 Jahrb.
1334 3059 1378 3095 111
1395 3064 1421 3112 p.
1440 3047 1486 3096 162

228 3135 309 3184 Anm.
337 3136 437 3201 Lipsius
459 3136 697 3202 (Meter-Selmena),
724 3140 779 3186 Art.
801 3137 904 3185 Process
922 3153 948 3200 p.
968 3135 1026 3200 384.
1071 3136 1197 3194 Herrlich‚
1222 3135 1383 3184 Verbrechen
1403 3152 1487 3202 gegen

227 3223 276 3272 das
297 3225 384 3274 Leben
402 3227 467 3274 nach
487 3233 530 3276 att.
547 3225 638 3275 Recht.
673 3225 757 3273 Berlin
777 3223 850 3288 1885.
878 3226 965 3289 Progr.
983 3242 1007 3288 p.
1022 3238 1063 3275 22.
1100 3223 1235 3272 Thalheim
1254 3224 1280 3272 in
1297 3225 1330 3272 K.
1349 3225 1391 3273 Fr.
1409 3225 1486 3273 Herr-

228 3327 320 3361 manns
338 3313 439 3363 Griech.
456 3314 544 3378 Antiq.
563 3323 605 3378 45.
644 3313 743 3378 Peperit
767 3313 835 3361 hunc
859 3328 967 3361 errorem
992 3312 1097 3377 Antiph.
1116 3329 1151 3361 or.
1171 3312 1207 3360 VI
1229 3313 1266 3362 16.
1297 3314 1340 3362 cir.
1358 3330 1383 3376 p.
1403 3327 1443 3376 34.

316 3400 337 3464 ²)
355 3401 429 3461 Geib,
456 3402 593 3453 Strafrecht
610 3419 637 3466 p.
657 3415 718 3464 342:
749 3402 797 3450 Die
822 3401 970 3465 Thatigkeit
994 3402 1038 3450 des
1062 3401 1257 3450 intellectuellen
1276 3401 1400 3450 Urhebers
1419 3417 1487 3450 muss

225 3491 284 3538 eine
303 3489 392 3540 dolose
409 3491 472 3540 sein.
493 3518 527 3526 -
546 3490 657 3554 Culpose
675 3490 852 3540 intellectuelle
870 3489 1064 3540 Urheberschaft
1080 3490 1112 3538 ist
1130 3487 1240 3553 (sowohl
1257 3489 1297 3536 bei
1315 3489 1422 3538 dolosen
1440 3489 1487 3538 wie

228 3578 270 3627 bel
288 3578 409 3643 culposen
427 3578 599 3644 Verbrechen)
617 3578 773 3642 unmoglich.
809 3581 898 3637 Bauer,
918 3579 986 3627 Abh.
1006 3579 1100 3641 1431:
1129 3578 1191 3626 Eine
1218 3577 1321 3642 culpose
1339 3579 1487 3642 Anstistung

228 3666 261 3714 ist
291 3665 349 3714 dem
381 3668 478 3730 Begrifs
506 3667 607 3732 zusolge
633 3667 674 3715 ein
702 3667 890 3732 Widerspruch.
935 3666 978 3716 cfr.
1007 3667 1091 3728 Casse,
1120 3667 1145 3714 d.
1169 3665 1313 3714 auctoribus
1340 3666 1486 3715 delictorum

226 3755 415 3820 psycbologicis
432 3772 458 3820 p.
479 3767 585 3816 19—22.

316 3846 336 3907 3)
355 3844 476 3908 Areopag
493 3860 516 3893 u.
536 3844 652 3908 Epheten
671 3841 688 3908 ἓ
710 3855 750 3906 37.

315 3931 337 3997 4)
357 3933 422 3982 Geib
447 3949 471 3996 p.
492 3945 553 3996 354:
582 3934 633 3981 Fur
660 3933 705 3980 das
728 3933 831 3981 verttbte
855 3932 992 3982 schwerere
1012 3931 1172 3981 Verbrechen
1191 3931 1221 3978 ist
1239 3930 1360 3979 zuniichst
1377 3946 1425 3978 nur
1442 3930 1487 3978 der

227 4020 300 4086 phys.
321 4022 434 4070 Urheber
451 4020 566 4071 strasbar.
579 4049 611 4056 —
624 4021 669 4070 clr.
690 4023 834 4082 Pflttmann,
856 4021 949 4085 Opusc.
969 4020 1014 4068 iur.
1033 4019 1101 4068 crim.
1119 4021 1133 4070 I
1151 4019 1184 4067 de
1202 4034 1302 4068 excessu
1321 4020 1372 4068 eius
1392 4019 1431 4067 cui
1444 4025 1487 4067 aut

227 4109 369 4160 verberatio
393 4109 496 4159 alicuius
521 4119 564 4158 aut
587 4110 727 4160 vulneratio
753 4110 873 4158 mandata
896 4116 941 4166 est,
968 4107 1098 4158 mandanti
1116 4107 1185 4156 haud
1206 4107 1363 4172 imputando.
1400 4108 1484 4164 Casse,

224 4197 254 4246 d.
273 4205 339 4247 auct.
357 4197 440 4247 delict.
459 4197 546 4263 psych.
564 4215 589 4264 p.
610 4210 666 4248 110.
746 4213 749 4216 ·
981 4189 982 4192 Ἴ

316 4284 338 4351 5)
357 4287 427 4335 Vidit
445 4287 494 4336 hoc
512 4288 560 4337 iam
579 4287 720 4345 Wecklein,
740 4286 866 4349 Philolog.
888 4287 951 4334 Anz.
970 4287 1036 4336 VIII
1053 4303 1079 4350 p.
1101 4287 1158 4348 546.

1252 4365 1282 4416 {t
