3352 4994
733 330 922 391 -6-

203 499 322 579 >potnit
357 497 437 560 lecec
476 518 571 560 cansa
614 492 783 579 βούλευσις
823 499 958 563 aimei«.
1017 499 1122 563 Multo
1165 499 1377 563 confidentius
1421 509 1458 564 et

199 601 312 684 hanc¹)
342 603 520 666 orationem
550 612 582 666 et
611 604 749 685 primam
771 604 981 685 Antiphontis
1003 603 1046 667 illi
1067 606 1182 667 actioni
1205 605 1314 668 tribuit
1335 607 1362 667 F
1365 607 1456 669 orch-

201 706 426 789 hammems2).

284 812 362 877 Ant.
385 812 409 876 1.
454 813 602 876 Noverca
630 815 703 878 viris
725 834 883 877 venenum
906 834 971 877 non
992 815 1062 895 ipsa
1084 813 1226 888 dederat,
1249 816 1307 880 sed
1330 816 1459 897 paelice

198 916 341 981 Philonei
363 939 429 992 usa,
452 919 501 980 cui
523 930 726 1000 persuaserat
746 939 905 983 venenum
923 918 983 982 sibi
999 939 1070 980 esse
1089 928 1237 999 paratum
1252 922 1455 996 amatorium,

199 1041 264 1102 quo
297 1025 328 1086 in
364 1023 499 1104 gratiam
535 1024 677 1087 Philonei
718 1045 757 1087 ea
796 1024 938 1086 revocari
981 1032 1108 1105 posset;
1153 1045 1188 1087 re
1231 1047 1307 1090 vera
1345 1037 1457 1090 autem

199 1138 338 1192 mortem
359 1139 392 1192 et
413 1129 512 1210 ipsius
535 1131 649 1192 marito
670 1139 703 1191 et
723 1128 878 1191 Philoneo
902 1129 1036 1210 parabat
1051 1129 1105 1192 illo
1119 1121 1254 1196 veneno.
1292 1129 1454 1212 Quoniam

198 1233 268 1314 ipsa
291 1254 354 1296 non
375 1233 482 1297 effecit
503 1243 650 1309 mortem,
674 1225 873 1316 βουλεύσεως
894 1243 1024 1315 putatur
1046 1255 1109 1298 rea.

283 1357 515 1439 Locupletatnr
543 1360 658 1422 deinde
690 1359 770 1422 haec
799 1359 896 1422 series
923 1380 943 1421 a
975 1357 1247 1440 Schoemanno³):
1288 1360 1457 1426 »Ceterum

203 1455 418 1545 »βουλεύσεως
445 1463 538 1527 leand
562 1464 656 1526 dubie
684 1466 783 1527 etiam
811 1475 920 1527 contra
949 1485 1021 1528 eum
1041 1466 1101 1547 agr'
1113 1467 1229 1547 potunt,
1253 1467 1312 1548 qui
1330 1467 1450 1529 calum·

203 1568 311 1630 ›nicsa
336 1571 537 1632 accusatione
565 1571 724 1651 effecc'ssct
750 1579 787 1632 ut
809 1569 930 1651 aliquis
958 1571 1007 1633 ad
1024 1579 1158 1634 mortem
1179 1573 1456 1652 condemnaretur,

202 1693 282 1754 »qno
296 1674 440 1754 pertinet
458 1674 599 1756 Lysz'nca
621 1693 718 1737 causa
740 1683 818 1737 ctra.
842 1674 1051 1756 Agoratum«.

283 1799 415 1862 Prorsus
444 1799 559 1862 eodem
582 1801 648 1861 iure
669 1799 788 1881 Lysiae
809 1820 854 1862 or.
879 1799 940 1862 XII
963 1800 1060 1864 etiam
1080 1800 1111 1862 in
1133 1821 1230 1863 causa
1251 1795 1459 1882 βουλεύσεως

196 1906 340 1969 habitam
368 1925 437 1968 esse
467 1904 631 1968 contendit
652 1904 945 1988 Frohbergerus⁴);
975 1905 1185 1986 nequeenim
1207 1905 1453 1969 Polemarchum

197 2011 316 2093 Lysiae
339 2009 469 2074 fratrem
490 2007 722 2073 Eratosthenes
745 2009 946 2073 interiecerat
967 2011 1044 2092 ipse.
1068 2047 1109 2057 -

280 2133 392 2217 Atque
420 2133 507 2197 hisce
529 2135 658 2216 quidem
681 2137 878 2200 orationibus
901 2136 1048 2199 omnibus
1071 2156 1257 2216 quanquam
1280 2157 1455 2199 commune

196 2250 260 2314 est,
298 2240 386 2320 quod
413 2261 485 2304 reus
515 2260 579 2303 non
607 2241 676 2322 ipse
706 2249 844 2304 mortem
876 2241 996 2315 effecit,
1027 2251 1136 2304 tamen
1163 2263 1204 2305 ne
1231 2263 1293 2305 una
1323 2242 1455 2324 quidem

196 2365 327 2411 revera
356 2347 396 2421 id,
428 2346 469 2408 de
491 2365 557 2426 quo
579 2345 684 2426 agitur
705 2347 825 2409 crimen
843 2345 995 2422 illustrat;
1023 2345 1076 2408 ubi
1100 2347 1183 2409 enim
1207 2348 1247 2409 de
1269 2349 1457 2410 incitatione

196 2452 302 2534 agitur
322 2453 387 2514 duo
411 2451 520 2531 utique
542 2450 744 2531 postulantur
766 2452 809 2514 rei
832 2451 900 2534 (qui
916 2450 1081 2513 consilium
1095 2450 1184 2513 dedit
1200 2460 1232 2514 et
1247 2452 1299 2533 qui
1317 2451 1452 2532 perfecit

196 2555 285 2638 rem).
327 2556 392 2620 Ubi
414 2566 521 2619 autem
544 2565 593 2619 est
612 2558 742 2628 tandem
764 2557 795 2619 in
813 2555 863 2619 his
878 2553 1074 2618 orationibus
1089 2574 1147 2636 par
1163 2555 1240 2619 illud
1256 2553 1457 2619 scelestum?

281 2681 317 2743 In
346 2681 480 2763 Antiph.
511 2681 525 2743 I
553 2683 594 2745 de
625 2683 808 2745 incitatione
838 2703 902 2746 non
932 2683 1044 2764 agitur.
1096 2679 1216 2743 Paelex
1244 2680 1453 2746 interficiendi

196 2786 363 2850 consilium
385 2806 405 2849 a
427 2807 565 2851 noverca
586 2807 651 2851 non
673 2788 805 2869 accepit,
829 2787 998 2870 ignorabat
1020 2786 1150 2848 omnino
1170 2787 1317 2866 quaevis
1335 2788 1454 2851 inesset

196 2891 319 2973 potioni
348 2890 391 2954 illi
422 2892 612 2957 mortiferae.
664 2894 695 2956 Is
725 2902 833 2956 autem
864 2894 1011 2956 incitatus
1038 2911 1109 2955 esse
1136 2891 1198 2955 dici
1221 2901 1330 2974 potest
1352 2894 1453 2968 solus,

196 2997 250 3077 qni
272 3006 327 3059 aut
350 2997 497 3079 precibus
518 3007 573 3062 aut
596 2999 729 3081 pecunia
752 3009 807 3062 aut
823 2999 934 3081 quavis
950 2997 1012 3062 alia
1026 2998 1148 3060 ratione
1164 2998 1321 3060 adductus
1336 3006 1395 3075 est,
1417 3008 1453 3062 ut

196 3102 318 3165 facinus
339 3103 520 3167 committat
528 3106 560 3187 ⁵).
604 3105 694 3186 Ergo
716 3105 797 3168 haec
819 3105 922 3167 oratio
942 3123 1007 3165 non
1027 3103 1138 3166 debuit
1159 3104 1333 3166 admoveri.
1358 3140 1396 3151 -

279 3228 316 3291 In
335 3229 469 3312 Antiph.
493 3230 541 3292 VI
564 3229 679 3295 frustra
701 3231 930 3314 circumspicio,
959 3230 1013 3292 ubi
1041 3231 1081 3292 sit
1114 3239 1244 3292 »auctor
1275 3231 1449 3312 physicus«

197 3333 250 3415 qui
281 3353 300 3396 a
329 3354 385 3397 reo
408 3335 555 3399 incitatus
584 3356 686 3418 puero
715 3356 875 3400 venenum
906 3334 1042 3412 dederit;
1071 3335 1102 3397 in
1131 3336 1179 3398 ius
1209 3346 1338 3416 praeter
1360 3359 1454 3402 reum

282 3543 302 3610 ¹)
321 3545 431 3611 Philippi
450 3559 493 3610 31.
529 3547 608 3610 Blass,
634 3549 741 3614 Antiph.
763 3549 804 3598 ed.
825 3559 840 3597 2
859 3547 937 3614 praes.
957 3545 1066 3597 XLVII.
1102 3548 1216 3598 Mtitzner
1233 3551 1293 3613 248.
1325 3553 1453 3613 Herrlich,

195 3634 283 3684 Verbr.
302 3650 327 3698 g.
346 3634 372 3684 d.
393 3633 479 3683 Leben
498 3647 540 3686 22.

281 3720 304 3787 2)
323 3725 357 3772 D.
383 3723 427 3772 Ar.
452 3738 503 3771 non
529 3724 594 3790 priv.
618 3733 680 3774 nota
708 3739 738 3786 14
760 3723 799 3790 (p.
818 3722 871 3789 30).
913 3723 1023 3789 Philippi
1042 3723 1084 3787 38.
1122 3723 1202 3785 Blass,
1225 3725 1303 3790 praei.
1321 3742 1347 3791 p.
1368 3727 1454 3776 XLV.

194 3811 310 3860 Mfitzner
328 3811 386 3861 282.
424 3811 549 3871 Henhch,
570 3813 587 3864 l.
608 3813 626 3864 l.
646 3832 672 3880 p.
693 3827 724 3864 ro
741 3831 767 3864 n.
790 3825 833 3876 47.
871 3811 1061 3870 Wiedenboser‚
1081 3812 1097 3863 l.
1115 3811 1132 3861 l.
1151 3829 1177 3878 p.
1195 3813 1220 3864 6.

283 3897 303 3964 ³)
322 3899 409 3964 Antiq.
426 3899 472 3949 iur.
490 3901 560 3964 publ.
579 3915 630 3966 290
648 3911 717 3954 nota.

280 3986 302 4052 ⁴)
321 3987 401 4038 Praei.
420 3987 460 4038 ed.
480 3989 538 4051 Lys.
557 4007 582 4055 p.
604 4004 643 4054 13.
680 3989 805 4050 Genaua,
826 3989 866 4039 ed.
884 3989 943 4051 Lys.
963 3989 1059 4038 Frobb.
1078 3990 1157 4054 praes.
1179 4001 1217 4055 15.

280 4075 303 4140 ⁵)
322 4077 411 4136 Bauer,
431 4075 499 4125 Abh.
522 4089 531 4126 1
552 4092 616 4142 430:
637 4079 686 4128 Die
703 4079 853 4143 Anstiitung
869 4077 969 4128 bestebt
986 4077 1011 4126 in
1030 4077 1075 4128 der
1086 4077 1267 4129 absichtlicben
1278 4080 1455 4145 Bestimmung

195 4166 262 4214 eines
286 4165 382 4216 andern
406 4179 449 4214 zur
472 4167 613 4232 Begehung
636 4167 705 4218 eines
731 4166 912 4218 Verbrechens.
948 4165 1012 4214 Zum
1036 4165 1130 4216 Daseia
1153 4167 1283 4217 derselben
1302 4168 1393 4232 gebdrt
1410 4169 1453 4220 die

195 4252 344 4302 Gewissheit
367 4253 412 4303 der
431 4253 583 4313 manache,
611 4258 668 4306 dass
692 4257 771 4306 durch
798 4256 834 4306 sie
858 4255 883 4304 in
907 4253 965 4304 dem
983 4252 1079 4303 andern
1097 4254 1142 4304 der
1159 4255 1306 4306 Entsebluss
1324 4273 1367 4304 zur
1384 4257 1455 4308 That

195 4349 296 4406 erzeugt
314 4342 417 4392 worden
435 4343 480 4393 sei.
