3352 4994
757 323 968 368 ...21-

227 481 319 544 idem
347 477 499 542 accidisse
521 477 553 538 in
576 474 692 540 sorensi
721 475 967 540 Atheniensium
990 497 1065 554 usu;
1097 488 1202 542 utrum
1226 498 1304 545 vero
1325 482 1394 564 ipse
1416 487 1488 566 quis

229 605 275 648 an
297 603 355 666 per
376 583 472 646 alium
496 582 657 662 quendam
680 590 819 644 mortem
840 579 990 658 effecerit,
1010 583 1041 646 id
1059 603 1164 667 neque
1180 584 1347 652 aPlatone
1361 598 1489 652 curatur

229 710 338 771 neque
361 689 392 752 in
414 687 540 768 legibus
562 686 807 750 Atheniensium
829 707 980 768 unquam.

746 931 748 940 Ι
760 939 966 950 ώ-ᾑ-

235 1183 236 1190 ,
321 1135 428 1218 Quem
457 1133 565 1198 locum
594 1135 625 1196 in
655 1133 775 1196 iudiciis
796 1132 915 1198 habeat
944 1156 983 1199 ea
1012 1156 1109 1217 quarn
1139 1139 1291 1221 descripsi
1321 1131 1491 1222 βοάλευσις

230 1243 414 1322 longiorem
434 1241 492 1304 sibi
511 1239 656 1322 postulat
669 1238 928 1321 disputationem.
962 1241 1065 1305 Nobis
1079 1252 1165 1307 certe
1179 1242 1234 1326 qui
1249 1243 1355 1306 solum
1370 1243 1490 1307 factum

229 1367 384 1412 curamus
413 1364 542 1426 unoque
571 1344 817 1426 complectimur
845 1348 974 1408 nomine
1004 1347 1124 1429 (Mord)
1153 1368 1266 1410 omnes
1288 1357 1321 1410 et
1343 1358 1491 1412 cruentas

230 1454 350 1517 caedes
372 1459 405 1513 et
423 1471 489 1514 non
511 1459 668 1525 cruentas,
691 1449 784 1513 nobis
813 1451 959 1514 videatur
990 1453 1114 1529 mirum,
1139 1455 1226 1536 quod
1252 1474 1317 1517 non
1342 1463 1489 1518 cruentas

230 1557 450 1622 distinxerunt
469 1555 694 1630 Athenienses,
725 1556 813 1637 quod
835 1557 1000 1620 distinctas
1022 1560 1151 1641 propria
1174 1559 1245 1638 lege
1267 1560 1425 1622 iusserunt
1447 1559 1490 1622 di·

231 1663 420 1726 iudicandas
441 1663 617 1725 secundum
640 1661 728 1743 leges
751 1681 833 1744 quae
856 1671 995 1727 statutae
1016 1673 1106 1726 erant
1124 1665 1154 1726 in
1170 1673 1334 1743 cruentam
1349 1665 1491 1740 caedem.

319 1766 405 1830 Infra
426 1767 466 1829 de
488 1767 603 1830 haere
625 1767 783 1844 dicemus;
815 1787 898 1830 nunc
920 1788 938 1830 e
961 1790 995 1833 re
1016 1770 1141 1832 videtur
1162 1768 1322 1852 exemplis
1336 1767 1492 1834 illustrare

232 1872 313 1936 illud
349 1873 463 1936 scelus.
518 1872 628 1936 Unum
664 1881 772 1935 autern
803 1893 904 1953 usque
933 1874 1204 1938 animadvertatur
1235 1876 1331 1938 velim
1365 1874 1444 1938 hoc:
1474 1895 1492 1939 e

232 1978 368 2061 vulgata
388 1977 537 2060 opinione
552 1977 716 2040 antithesis
731 1977 815 2062 χειρὶ
833 2017 875 2027 -
888 1973 1068 2064 βουλεύσας
1081 1979 1328 2062 intellegabatur
1343 2001 1349 2044 ε
1366 1981 1435 2062 ipse
1450 2018 1492 2028 -

232 2105 295 2167 per
322 2083 474 2159 alterum;
506 2101 524 2144 e
553 2102 625 2145 mea
655 2092 763 2146 autem
793 2086 950 2147 sententia
979 2105 1044 2148 non
1065 2086 1299 2167 distinguuntur
1320 2086 1366 2148 eis
1387 2087 1493 2150 verbis

231 2191 296 2252 nisi
321 2192 402 2254 duae
424 2189 568 2252 diversae
598 2189 737 2251 rationes
765 2191 914 2265 necandi,
946 2188 1142 2271 afferamque
1165 2211 1248 2252 nunc
1270 2192 1422 2272 exempla
1444 2201 1494 2279 sat

233 2294 347 2369 multa,
377 2294 409 2357 in
438 2294 553 2374 quibus
582 2287 761 2378 βουλεύσας
786 2293 890 2376 egisse
912 2301 1025 2358 auctor
1046 2296 1153 2359 caedis
1175 2295 1292 2358 nemini
1314 2296 1514 2378 negabitur,·

231 2409 381 2464 attamen
402 2419 565 2483 nunquam
587 2401 672 2462 idem
695 2399 824 2462 alterius
846 2399 965 2464 auxilio
990 2421 1072 2484 opus
1093 2400 1234 2464 habebit.
1374 2405 1376 2411 ’
1471 2485 1473 2488 ¹

321 2506 423 2570 Plato.
460 2504 581 2569 Politic.
617 2507 679 2586 298
709 2506 730 2568 b
773 2503 1034 2570 Gubematorum
1073 2506 1295 2571 describuntur
1334 2506 1494 2570 maiorum

237 2611 324 2675 mala
345 2610 486 2686 artificia,
510 2611 625 2693 quibus
647 2611 797 2675 insidiose
819 2621 852 2674 et
874 2611 992 2675 nefarie
1015 2613 1150 2676 obruere
1177 2611 1323 2675 homines
1338 2622 1494 2676 conantur

233 2737 320 2800 quos
345 2717 482 2780 vehunt:
516 2716 552 2782 οἳ
569 2710 602 2782 τ’
628 2705 668 2782 αὖ
697 2719 888 2804 κυβερνῆται
911 2709 1011 2801 μάρια
1034 2715 1126 2802 ἕτερα
1147 2720 1284 2784 τοιαῦτα
1307 2711 1493 2802 ἐργάζονται

234 2821 493 2900 καταλείποντες
519 2844 554 2887 τε
583 2817 619 2888 ἔκ
647 2846 736 2900 τινος
765 2819 944 2910 ἐπιβουλῆς
973 2819 1007 2886 ἐν
1034 2826 1108 2902 ταῖς
1136 2816 1323 2908 ἀναγωγαῖς
1344 2818 1492 2910 ἐρήμοις·

234 2927 295 2993 καὶ
328 2923 507 3014 σφάλματα
540 2931 711 3005 ποιοῦντες
743 2927 777 2991 ἐν
808 2931 879 3006 τοῖς
906 2924 1085 3013 πελάγεσιν
1115 2924 1331 3011 ἐκβάλλουσιν
1359 2921 1408 3004 εἰς
1438 2921 1496 3010 τήν

237 3033 416 3100 θάλατταν.
461 3032 592 3114 Quaero
614 3053 706 3107 nunc,
730 3034 756 3096 si
778 3034 975 3114 gubernator
997 3034 1028 3096 in
1049 3034 1176 3096 deserta
1199 3033 1300 3095 insula
1325 3031 1496 3111 reliquerat

234 3140 402 3204 hominem
417 3149 472 3202 aut
486 3139 597 3202 bestiis
609 3140 763 3220 praedam
778 3148 834 3202 aut
849 3138 934 3214 fami,
950 3158 1025 3202 num
1039 3137 1126 3223 χειρὶ
1141 3159 1215 3201 eum
1230 3135 1438 3201 interfecerit?
1453 3171 1494 3184 «-

235 3247 386 3309 minimei
426 3283 466 3295 -
498 3265 619 3326 ergone
654 3263 712 3326 per
748 3244 920 3308 alterumil
958 3265 997 3308 ne
1037 3245 1100 3309 hoc
1139 3245 1285 3326 quidem3
1323 3250 1495 3304 cruenta

234 3353 365 3416 caede
387 3352 517 3434 quidem
540 3369 614 3412 eum
634 3370 698 3412 non
720 3350 855 3427 sustulit,
886 3350 944 3413 sed
971 3351 1104 3413 consilio
1131 3349 1246 3414 doloso
1278 3341 1491 3433 »βουλεύσαςι

235 3458 268 3520 ei
298 3458 410 3520 mortis
439 3455 496 3520 fuit
524 3465 645 3521 auctor.
687 3455 802 3536 Neque
830 3457 856 3519 si
882 3455 1034 3518 effecerat
1064 3465 1099 3518 nt
1128 3455 1237 3536 lapsus
1259 3453 1330 3536 quis
1352 3454 1384 3516 in
1407 3472 1494 3515 mare

235 3563 401 3626 decideret
434 3563 589 3644 undisque
627 3562 902 3640 submergeretur,
940 3569 995 3624 aut
1023 3559 1108 3645 χειρὶ
1138 3558 1338 3622 interfecerat
1366 3568 1422 3621 aut
1444 3558 1496 3620 ad·

235 3669 367 3733 vocavit
395 3669 546 3745 altemm;
580 3687 710 3730 manum
740 3668 824 3729 enim
854 3667 985 3730 omnino
1014 3686 1079 3730 non
1100 3665 1218 3728 levavit
1240 3684 1345 3746 neque
1367 3663 1495 3728 alterius

236 3795 303 3856 ope
325 3795 401 3837 usus
424 3783 472 3837 est
494 3775 552 3836 sed
574 3773 726 3836 insidioso
748 3772 889 3836 consilio.

237 3901 239 3910 ·
326 3880 436 3943 Aliam
472 3879 741 3944 machinationem
773 3879 924 3944 describit
950 3877 1041 3940 Philo
1070 3875 1138 3938 Iud.
1168 3875 1199 3938 II
1230 3891 1293 3956 324
1317 3873 1362 3939 M.
1385 3863 1495 3957 Ὀράγ-

238 4009 327 4069 ματα
363 3989 419 4073 γῆς
447 3980 594 4052 εἰώθασί
622 4007 707 4064 τινες
736 3972 770 4052 εὖ
798 3979 890 4067 μάλα
919 3976 1078 4068 βαθάνειν
1101 4031 1108 4046 .
1135 4031 1141 4044 .
1167 4031 1174 4044 .
1206 3971 1277 4046 εἶθ’
1309 3971 1496 4059 ὑπονόμους

238 4213 382 4288 ¹technicum
406 4256 420 4289 e
443 4238 536 4292 forensi
560 4238 671 4289 dictione
694 4237 796 4288 exhibet
818 4235 885 4285 idem
912 4233 985 4284 Philo
1006 4235 1034 4285 11
1058 4244 1107 4297 313
1127 4232 1170 4281 M:
1200 4225 1264 4297 οὐχὶ
1290 4226 1322 4280 τὸ
1348 4227 1497 4297 »χειρῶν

238 4318 364 4398 άρχειν
382 4322 532 4381 ἀδίκων
553 4326 612 4380 ἔστι
630 4322 777 4398 πρότερον,
798 4322 830 4378 τὸ
849 4323 879 4377 δὲ
895 4318 1060 4393 ἀμύνασθαι
1081 4314 1209 4388 duranum
