3352 4994
757 381 968 444 -n-

235 532 337 618 ἀξιοῖ.
385 534 457 601 Lib.
484 534 534 599 ed.
565 533 684 598 Reislre
713 540 737 603 t.
759 533 808 597 IV
831 535 910 612 841:
945 531 1084 597 Duobus
1114 533 1146 596 in
1175 553 1214 597 ea
1242 535 1388 628 oratione
1415 532 1494 598 locis

236 647 510 707 commemoratur
536 641 653 704 eadem
681 659 713 722 p.
737 639 800 718 844
826 659 857 704 v.
878 656 902 717 4
922 648 955 702 et
980 659 1011 706 v.
1036 639 1066 706 8.
1117 636 1223 719 Quale
1254 637 1347 704 luerit
1375 640 1495 704 crimen

235 745 291 810 filii
313 746 490 810 accuratius
511 766 577 809 non
598 745 779 827 exponitur,
805 764 911 825 neque
933 762 1016 824 quae
1037 743 1168 807 insidiae
1189 753 1329 810 structae
1351 746 1410 811 sibi
1432 747 1496 810 sint

236 861 330 936 pater
358 851 521 934 exposuit.
565 850 703 914 Videtur
729 849 771 912 de
798 857 916 913 conatu
944 847 997 930 agi
1015 847 1071 913 clr.
1094 868 1125 930 p.
1148 850 1208 930 845
1230 870 1260 914 v.
1287 853 1340 915 18:
1371 845 1436 917 οἴει
1458 843 1496 918 τύ

235 959 334 1039 μῖσος
354 951 402 1034 εἰς
423 947 546 1042 βουλήν
566 947 669 1040 φόνου
691 952 934 1040 προβεβηκέναι
956 953 1041 1036 (cod.
1058 955 1342 1042 προβεβληκέναι).
1379 957 1496 1020 Emea

237 1062 395 1125 sententia
423 1080 488 1125 non
515 1055 783 1143 βουλεύσεως
812 1059 946 1125 actionis
967 1060 1025 1123 sed
1047 1060 1169 1142 vulgati
1192 1063 1306 1126 erroris
1326 1063 1378 1126 hic
1400 1064 1496 1127 etiarn

236 1167 328 1230 testis
350 1174 400 1230 est
420 1165 588 1229 habendus
603 1164 724 1248 quippe
738 1186 812 1230 cum
827 1187 846 1228 e
860 1165 961 1228 verbo
978 1164 1110 1230 finxisse
1124 1166 1184 1230 sibi
1200 1168 1347 1231 videatur
1361 1169 1495 1232 actionis

238 1292 357 1336 nomen
378 1265 559 1355 βούλευσιν.

322 1376 518 1460 Quanquam
533 1396 598 1440 non
612 1375 845 1460 praetervideo,
858 1375 914 1439 vix
929 1377 970 1440 ad
984 1376 1139 1458 liquidum
1154 1377 1237 1440 hanc
1253 1377 1383 1460 quidem
1397 1397 1496 1460 posse

237 1503 305 1547 rem
320 1483 466 1565 perduci;
493 1482 637 1545 destituti
660 1481 745 1546 enim
768 1501 878 1544 sumus
895 1482 1094 1564 gravioribus
1120 1491 1153 1546 et
1169 1503 1253 1565 quae
1267 1483 1495 1564 vincantpror·

236 1609 292 1651 sus
313 1588 525 1670 argumentis;
542 1607 622 1670 ergo
638 1587 670 1650 in
680 1606 837 1669 suspenso
850 1586 1056 1670 relinquimus
1068 1589 1202 1652 actionis
1215 1609 1265 1652 no
1275 1607 1373 1651 men.
1397 1586 1430 1652 Si
1445 1589 1496 1652 cui

236 1693 374 1776 placeat,
386 1693 522 1757 retineat
532 1692 619 1771 illud,
637 1693 773 1756 retineat
783 1691 859 1770 sibi;
878 1693 1097 1774 relinquuntur
1108 1701 1218 1756 autern
1232 1694 1260 1756 ei
1276 1693 1362 1757 haud
1376 1713 1496 1775 parvae

238 1817 318 1878 quas
347 1799 485 1881 exposui
515 1796 738 1862 difficultates:
763 1795 895 1860 habebit
924 1798 1009 1860 enim
1036 1798 1199 1881 duplicem
1227 1790 1427 1882 βουλεύσεως
1447 1819 1496 1862 ac·

236 1904 359 1967 tionem
381 1904 413 1966 in
434 1903 567 1967 diversis
591 1922 689 1983 quarn
708 1901 849 1965 maxime
864 1902 989 1966 delictis
1003 1903 1246 1981 instituendam;
1269 1887 1496 1986 explicandum

236 2009 266 2072 ei
288 2009 348 2072 erit
370 2016 536 2071 oratorum
557 2006 719 2070 silentium
740 2007 939 2082 altissimum,
963 2009 1052 2088 quod
1074 2008 1151 2071 mihi
1165 2009 1296 2090 quidem
1311 2029 1376 2073 non
1391 2009 1497 2074 levem

238 2113 340 2176 movit
355 2094 585 2195 suspicionem;
601 2111 774 2176 videndum
789 2113 818 2175 ei
832 2113 901 2190 erit,
916 2133 973 2176 cur
988 2109 1168 2197 βουλεύσας
1184 2134 1204 2176 ε
1218 2112 1291 2196 lege
1306 2114 1497 2178 Andocidea

242 2212 379 2303 »φύνουι
406 2217 551 2281 iubeatur
573 2237 645 2280 reus
665 2215 784 2292 haberi,
807 2238 864 2281 cur
884 2216 1130 2300 Euthyphronis
1151 2228 1253 2301 pater,
1283 2240 1340 2284 cur
1360 2219 1495 2303 Antiph.

237 2321 391 2386 orationis
414 2322 463 2386 VI
485 2330 576 2387 actor
605 2315 734 2408 φόνου
763 2323 826 2385 sint
854 2325 1010 2400 accusati,
1038 2324 1065 2387 si
1087 2319 1351 2407 βουλεύσεως
1379 2326 1497 2389 actioni

237 2450 272 2494 re
301 2447 378 2492 vera
403 2426 462 2492 luit
489 2427 589 2496 locus.
639 2429 710 2492 Has
738 2450 851 2493 omnes
877 2429 903 2492 si
933 2429 1004 2514 quis
1033 2429 1109 2492 mihi
1138 2430 1348 2512 prostraverit
1376 2431 1497 2496 dubita·

237 2534 350 2610 tiones,
374 2535 443 2617 ipse
458 2535 611 2617 recipiam
626 2534 787 2618 duplicem
801 2526 982 2618 βούλευσιν,
998 2536 1202 2616 -quamvis
1219 2535 1334 2599 invitus
1350 2536 1496 2618 quidem;

237 2659 341 2722 neque
357 2640 443 2703 enim
456 2637 593 2704 libenter
607 2640 763 2703 decedam
779 2661 799 2704 a
813 2641 980 2716 sententia,
1004 2659 1101 2721 quam
1118 2660 1247 2722 semper
1266 2649 1388 2705 tutatus
1407 2663 1496 2706 sum:

237 2765 303 2809 non
323 2745 543 2826 imprudenter
564 2764 633 2807 rem
655 2744 849 2808 iudiciariam
871 2766 964 2809 suam
987 2745 1159 2809 instituisse
1181 2745 1406 2812 Athenienses.

322 2846 462 2925 Cedam,
499 2849 589 2926 dico;
627 2867 732 2930 neque
767 2851 852 2913 enim
886 2871 1034 2915 nornen
1070 2853 1205 2916 actionis
1231 2853 1298 2915 sive
1327 2849 1498 2937 βούλευσις

238 2953 297 3018 fuit
318 2955 385 3018 sive
407 2974 473 3018 non
494 2953 561 3030 luit,
584 2954 724 3036 primum
746 2957 940 3038 quaestionis
960 2977 1052 3020 meae
1066 2957 1190 3020 obtinet
1204 2956 1322 3021 locum.
1363 2958 1498 3023 Summa

237 3081 289 3124 res
311 3059 392 3124 haec
412 3068 479 3124 est:
510 3059 690 3124 Antithesis
712 3059 798 3144 χειρὶ
820 3052 1032 3146 ἐργαζόμενος
1053 3057 1238 3127 ἀποκτείνω
1259 3058 1498 3147 -βουλεύσας

237 3157 373 3233 ἄπονοι
397 3173 612 3230 cruentam
635 3167 820 3242 caedem,
844 3175 957 3249 aperta
978 3167 1010 3230 vi
1027 3167 1177 3231 effectam
1197 3203 1240 3215 -
1261 3169 1398 3251 opponit
1419 3190 1498 3233 non

237 3281 452 3349 cruentae,
484 3271 619 3336 consilio
641 3271 745 3355 magis
766 3273 959 3336 commissae
981 3282 1014 3336 et
1033 3273 1231 3337 clandestina
1251 3272 1359 3357 aliqua
1381 3275 1498 3339 machi·

237 3375 384 3454 natione;
416 3376 532 3441 falsum
554 3386 605 3440 est
626 3379 715 3460 quod
736 3376 836 3461 vulgo
858 3386 1012 3461 putantur
1033 3379 1099 3443 duo
1119 3378 1179 3441 sibi
1199 3380 1321 3461 opponi
1340 3379 1496 3458 homines,

238 3499 377 3563 quorum
398 3480 479 3546 alter
500 3483 719 3565 suppeditavit
737 3483 904 3546 consilium
930 3520 964 3529 -
989 3482 1079 3560 alter,
1103 3485 1259 3561 incitatus,
1283 3505 1351 3548 rem
1365 3486 1498 3568 perfecit

238 3586 324 3669 ipse:
356 3605 415 3667 par
437 3585 515 3650 illud
538 3586 646 3650 nobile
670 3586 802 3652 fratrum
826 3588 1057 3672 (intellectualis
1079 3598 1191 3653 auctor
1212 3598 1312 3673 atque
1331 3591 1497 3674 physicus)

237 3689 406 3755 remissum
435 3700 485 3755 est
513 3694 555 3755 ad
576 3693 753 3758 eburneam
782 3695 980 3758 somniorum
1003 3703 1141 3777 portam,
1171 3696 1256 3759 unde
1278 3706 1419 3761 terreant
1440 3717 1499 3761 eos

238 3817 258 3864 a
279 3796 396 3878 quibus
417 3795 605 3862 credunturl
628 3834 672 3846 -

322 3901 489 3966 Debemus
516 3910 627 3966 autem
654 3902 715 3968 hos
737 3904 858 3968 fructus
879 3905 1036 3969 sermonis
1059 3904 1173 3970 Graeci
1194 3907 1300 3988 genio,
1335 3908 1389 3988 qui
1411 3906 1498 3970 fideli

238 4017 271 4071 et
299 4007 403 4071 tenaci
432 4008 589 4071 memoria
610 4010 783 4091 genuinam
809 4011 950 4074 servavit
975 4012 1042 4074 vim
1063 4011 1237 4075 verborum
1263 4012 1360 4076 etiam
1382 4013 1414 4076 in
1436 4013 1497 4077 dic-

237 4114 325 4178 tione
359 4111 535 4189 iudiciaria,
573 4113 628 4177 ubi
665 4115 821 4197 imprimis
854 4117 896 4180 ad
925 4115 1029 4180 aliena
1059 4116 1165 4180 solent
1193 4115 1320 4181 deflecti
1349 4118 1498 4200 neglecta

237 4217 368 4284 notione
390 4219 507 4284 innata.
531 4256 574 4267 —
596 4257 635 4268 -
660 4257 700 4266 —
