3352 4994
725 332 936 412 „35-

205 523 243 566 ea
265 503 309 566 ita
325 524 331 566 :
348 503 379 565 in
400 503 514 566 eadem
536 502 609 584 lege
631 511 777 567 teneatur
798 504 824 566 is
848 504 901 586 qui
925 504 1000 585 (non
1020 500 1108 586 χειρὶ
1131 542 1170 552 -—
1192 504 1262 584 sed)
1283 495 1465 587 βουλεύσας

204 609 223 672 i.
237 628 264 672 e.
280 607 403 672 ratione
418 628 482 673 non
497 607 666 671 manifesta
681 608 793 686 mortis
809 607 903 671 fuerit
917 617 1029 672 auctor
1037 628 1045 700 ξ
1066 629 1110 671 ex
1123 607 1184 672 hac
1198 609 1283 672 enim
1298 607 1369 673 sola
1383 609 1460 672 anti·

207 712 298 789 thesi,
322 714 372 776 cui
387 715 491 776 omnis
511 712 598 777 doli
621 713 717 776 mali
739 713 863 794 species
878 714 1031 795 adempta
1046 722 1104 788 est,
1127 714 1281 796 explicari
1296 715 1415 798 poterit
1429 715 1463 778 in

205 839 246 881 eo
282 817 356 880 loco
396 818 531 883 verbum
567 810 741 902 βουλεύειν.
792 816 890 898 Quod
928 838 993 899 quo
1030 819 1214 899 planissime
1251 820 1462 902 exprimatur,

205 923 365 1004 equidem,
395 925 421 987 si
451 924 585 1006 cogitari
612 925 716 1005 possit
745 922 796 986 vel
829 943 925 986 unam
958 923 1097 988 litteram
1124 943 1189 986 non
1217 935 1366 989 accurate
1388 945 1460 988 esse

206 1028 324 1091 lectam
346 1029 388 1093 ab
410 1029 452 1093 U.
475 1028 650 1107 Koehlero,
672 1030 965 1092 commendaverim
986 1031 1063 1111 ipse,
1084 1048 1166 1109 quae
1183 1030 1267 1094 hanc
1289 1030 1461 1095 antithesin

203 1133 379 1198 luculenter
395 1135 580 1215 praebeant,
596 1134 695 1199 verba
709 1134 804 1197 haec:
829 1129 974 1215 δικάζειν
997 1132 1034 1200 δὲ
1054 1128 1129 1212 τοὺς
1143 1133 1302 1216 βασιλέας
1317 1131 1463 1220 alelmo)

204 1232 333 1328 φόνίου)
357 1229 378 1325 ἢ
399 1237 499 1324 [χειρί
522 1231 751 1304 ἀποκτείναντι
773 1228 1079 1326 ἢβου)λείσαντ(ι);
1102 1237 1220 1302 haereo
1237 1249 1346 1302 autem
1360 1241 1392 1303 in
1407 1261 1459 1318 eo,

204 1346 292 1428 quod
319 1365 380 1427 pro
407 1352 572 1426 postrema
600 1344 705 1408 littera
733 1343 915 1408 Koehlerus
944 1344 1042 1408 edidit
1075 1367 1132 1409 »αι
1165 1363 1230 1406 non
1261 1368 1310 1410 ›r‹
1323 1346 1356 1424 ¹).

290 1469 490 1552 Quacunque
526 1476 634 1531 autern
668 1471 791 1533 ratione
817 1479 921 1534 totam
951 1471 1098 1534 restitues
1128 1468 1291 1544 lacunam,
1331 1488 1463 1551 semper

204 1597 278 1639 cum
305 1575 450 1658 Sauppio
477 1569 698 1659 βουλεύσαντα
726 1574 929 1639 scribendum
958 1575 1027 1651 erit,
1059 1575 1146 1656 quod
1169 1575 1286 1638 nemini
1308 1574 1374 1637 fere
1394 1593 1462 1637 non

202 1681 376 1764 probatum
398 1688 447 1743 est
469 1679 634 1743 hominum
656 1681 834 1745 doctorum.

288 1804 350 1881 Sic,
384 1806 483 1870 modo
521 1797 596 1870 δίνου
633 1803 788 1889 προνοίας
819 1803 889 1888 quis
922 1805 1122 1881 interfecerit,
1152 1805 1184 1868 in
1213 1804 1356 1868 Palladio
1388 1825 1464 1881 reus

202 1912 398 1975 inducendus
424 1920 483 1987 est,
509 1912 633 1974 etiarnsi
655 1911 778 1974 ratione
804 1932 901 1975 »non
924 1922 1113 1976 cruenta«
1137 1911 1270 1974 caedem
1291 1909 1461 1988 effecerat,

203 2016 355 2099 quodque
378 2018 580 2080 incruentae
603 2016 732 2098 quidem
758 2017 864 2080 caedis
889 2011 1011 2105 (φόνου)
1035 2017 1160 2099 legibus
1183 2017 1338 2099 imprimis
1362 2024 1463 2098 atque

203 2122 331 2186 unicum
349 2130 531 2204 spectatum
554 2131 626 2185 est:
647 2121 864 2199 »consilium«,
884 2124 1060 2205 reperimus
1074 2124 1161 2205 apud
1176 2123 1314 2206 reliquas
1330 2141 1462 2199 omnes;

202 2249 260 2292 eae
288 2247 418 2308 quoque
444 2247 462 2291 e
491 2247 620 2290 summo
650 2227 712 2290 hoc
739 2227 917 2292 discrimine
943 2229 975 2292 in
1002 2230 1067 2292 duo
1096 2249 1215 2311 genera
1236 2228 1356 2291 divisae
1376 2235 1461 2304 sunt,

203 2343 238 2397 ut
270 2342 325 2396 aut
359 2332 537 2414 Areopago
569 2332 782 2395 tribuerentur
812 2340 869 2396 aut
899 2332 1061 2412 Palladio,
1094 2343 1191 2415 prout
1224 2336 1325 2398 inerat
1356 2333 1463 2397 malus

203 2439 295 2503 dolus
316 2457 371 2501 reo
394 2447 449 2502 aut
471 2457 536 2501 non
557 2437 668 2501 inerat.

288 2564 432 2628 Tucmur
467 2571 576 2626 autem
609 2564 641 2626 in
670 2564 732 2627 hac
765 2584 896 2647 quoque
928 2585 961 2628 re
994 2563 1302 2646 Harpocrationem;
1336 2564 1461 2646 duplex

205 2671 290 2732 enim
313 2670 398 2732 idem
421 2677 557 2732 testatur
578 2668 743 2732 iudicium:
773 2670 832 2734 τοῦ
852 2666 913 2750 μὲν
934 2654 991 2736 οὖν
1012 2665 1175 2753 προτέρου
1196 2665 1318 2753 μάρτυς
1332 2661 1465 2750 Ἰσαῖος

204 2771 238 2838 ἐν
259 2776 305 2861 τῷ
326 2767 411 2858 πρὸς
432 2763 614 2858 Εὐκλείδην
636 2769 696 2839 ἐπὶ
718 2772 903 2861 Παλλαδίῳ
925 2774 1028 2860 λέγων
1049 2763 1135 2840 είναι
1156 2770 1214 2854 τὰς
1235 2773 1340 2854 δίκας.
1384 2773 1462 2841 Δεί·

205 2902 321 2966 ναρχος
343 2877 380 2944 δὲ
403 2874 438 2943 ἐν
453 2880 499 2965 τῳ
520 2872 605 2944 κατὰ
627 2875 770 2944 Πιστίου
792 2875 826 2944 ἐν
840 2872 958 2967 Ἀρείῳ
979 2877 1094 2967 πάγῳ·
1117 2871 1347 2965 Ἀριστοτέλης
1368 2870 1399 2946 d'
1426 2877 1464 2945 ἓν

204 2988 244 3072 τῇ
266 2977 455 3070 Ἀθηναίων
479 2981 637 3070 πολιτείᾳ
666 2984 712 3070 τῷ
736 2975 846 3071 Ἰσαίῳ
875 2989 1053 3076 συμφωνεῖ.

287 3091 424 3173 Philippi
452 3111 539 3167 vero,
569 3110 666 3173 quem
696 3110 769 3153 cum
799 3092 927 3172 reliquis
949 3091 1167 3156 definitionem
1195 3091 1464 3172 Harpocrationis

203 3217 335 3278 prorsus
357 3196 538 3279 neglexisse
560 3215 658 3278 supra
681 3196 972 3260 demonstravimus
995 3197 1037 3280 (p.
1060 3199 1102 3280 7),
1132 3217 1172 3260 ne
1193 3197 1225 3259 in
1246 3194 1307 3259 hac
1329 3195 1461 3278 quidem

203 3321 237 3364 re
260 3301 550 3384 Harpocrationem
571 3311 700 3364 secutus
721 3321 818 3365 omne
833 3321 935 3382 genus
950 3297 1149 3386 βουλείοειος
1163 3310 1196 3365 et
1213 3300 1462 3366 involuntarium

203 3416 237 3470 et
264 3406 478 3471 voluntarium
500 3406 559 3470 soli
579 3405 688 3470 tribuit
709 3406 852 3470 Palladio
860 3412 893 3485 ²).

289 3621 311 3690 ι)
330 3623 465 3688 Bergkium
488 3639 591 3688 quoqne
614 3623 648 3672 ad
670 3623 777 3674 similem
800 3624 970 3674 coniecturam
994 3624 1069 3675 video
1093 3624 1217 3690 cogitasse
1240 3624 1304 3689 (Rh.
1324 3626 1389 3676 Mna.
1414 3625 1459 3690 38,

204 3713 275 3780 531).
310 3713 370 3762 Nou
393 3727 454 3762 vero
476 3728 541 3776 quae
564 3711 650 3761 scribit
673 3712 734 3762 mihi
752 3713 904 3777 probantur:
927 3714 1023 3780 »αἰτίῳ
1042 3707 1134 3784 φόνου
1152 3708 1351 3766 ἑκουσίουκαὶ
1369 3707 1459 3784 ῳόνον

203 3805 260 3856 τινί
283 3796 490 3868 βουλεύσαντα.
505 3820 508 3828 ·
526 3800 595 3864 Quid
619 3800 686 3850 enim
711 3795 802 3871 φόνον
826 3797 969 3867 βουλεύειν
999 3818 1043 3866 per
1069 3817 1096 3852 se
1124 3803 1234 3868 positum
1260 3801 1385 3867 significat
1412 3803 1460 3852 uisi

203 3892 307 3943 caedem
329 3889 420 3950 moliri,
447 3889 541 3940 conari.
578 3889 705 3940 Conatum
731 3897 814 3940 autem
838 3891 941 3941 caedem
965 3891 1063 3942 efficere
1090 3887 1249 3961 τραύματος
1270 3889 1300 3942 ἐκ
1322 3893 1458 3960 προνοίας

201 3981 228 4029 in
252 3982 388 4045 Areopago
412 3993 481 4027 reum
504 3974 559 4026 fieri
575 3993 651 4042 supra
671 3978 778 4028 vidimus
796 3995 821 4044 p.
839 3992 857 4039 4
876 3988 900 4029 et
918 3995 943 4043 p.
962 3992 1002 4040 24.

287 4066 311 4133 a)
329 4066 516 4133 Harpocration
541 4083 561 4117 s.
587 4083 612 4117 v.
639 4065 687 4119 ent
715 4066 869 4136 Παλλαδίῳ
892 4083 993 4133 quoque
1019 4083 1112 4118 nornen
1138 4068 1205 4118 illius
1231 4067 1341 4118 criminis
1366 4069 1455 4126 refert;

202 4171 348 4223 quanquam
375 4157 435 4206 inde
462 4171 515 4206 non
544 4154 763 4214 concludendum,
797 4155 861 4205 soli
894 4155 1047 4207 Palladio
1071 4172 1128 4207 eam
1152 4155 1315 4216 conveniam
1342 4156 1461 4222 quamvis

201 4245 268 4296 enim
286 4245 312 4293 in
330 4247 468 4312 Areopago
490 4259 543 4293 uon
562 4255 780 4304 commemoretur,
801 4253 883 4295 tamen
902 4261 916 4294 e
934 4244 1032 4294 silentio
1051 4244 1224 4310 lexicographi
1241 4245 1282 4294 vix
1299 4244 1394 4310 poteris
1411 4243 1456 4293 ali·

203 4332 264 4399 quid
282 4331 388 4384 efficere.
416 4334 472 4384 Nos
483 4333 563 4398 ipsam
582 4332 648 4383 hanc
666 4349 718 4382 rem
736 4333 786 4384 alio
805 4333 883 4382 modo
902 4333 952 4382 iam
969 4347 1053 4384 sumus
1069 4333 1215 4399 explicaturi
1232 4331 1276 4382 cfr.
1292 4332 1364 4383 infra.
1376 4349 1402 4398 p.
1414 4346 1459 4394 41.
