3352 4994
698 335 912 414 „33-

177 501 377 593 βουλεύσεως
404 504 571 568 tradantur
596 525 652 568 eae
682 506 852 581 orationes,
882 525 962 586 quas
985 504 1016 566 in
1037 504 1129 589 βοολ.
1155 505 1281 569 actione
1309 506 1437 570 habitas

179 632 250 676 esse
270 612 327 674 viri
356 611 444 676 docti
467 611 527 675 sibi
553 620 795 693 persuaserunt;
826 631 901 673 num
931 608 1024 673 luerit
1046 611 1177 673 omnino
1199 612 1284 674 actio
1304 612 1438 694 propria

176 711 385 800 βουλεύσεως,
408 716 581 780 videndum
603 726 661 781 est.
684 755 723 765 —

264 821 359 897 Sane,
391 820 449 884 fuit
477 822 562 885 actio
591 814 807 907 βουλεύσεως;
838 829 873 885 at
894 821 1020 884 diversa
1047 820 1189 884 maxime
1211 821 1254 884 ab
1276 842 1315 885 ea
1337 842 1436 904 quam

178 949 238 991 nos
267 928 448 1010 quaerimus
466 949 472 990 :
488 927 520 989 in
549 948 583 991 re
611 926 804 1004 foeneraria3
839 927 944 1008 agitur
973 945 1012 988 ea
1041 933 1154 987 contra
1183 925 1349 991 hominem
1382 929 1435 1009 qui

177 1034 259 1096 inter
294 1031 404 1097 aerarii
442 1031 561 1114 publici
594 1033 757 1097 debitores
789 1031 870 1094 falso
901 1030 1037 1094 alterum
1068 1029 1225 1094 rettulerit
1258 1033 1374 1116 [Dum]
1408 1054 1435 1097 c.

178 1138 322 1220 Aristog.
353 1142 411 1219 (or,
443 1138 495 1216 25)
525 1140 545 1218 ξ
576 1153 631 1219 71:
668 1134 868 1223 βουλεύσεως
902 1133 958 1201 τὸν
987 1126 1223 1222 Ἀλωπεκῆθεν
1250 1130 1437 1222 Ἀρίστωνα

179 1236 308 1308 διώκει·
333 1241 396 1323 ναί,
420 1263 529 1328 φησιν,
554 1234 679 1321 ἇδίκως
701 1237 762 1327 γάρ
785 1235 815 1324 μ’
834 1240 1041 1327 ίγγέγραφεν.
1070 1241 1199 1305 Diserte
1213 1261 1367 1305 eamrcm
1381 1263 1435 1305 ex-

178 1349 269 1431 ponit
290 1350 323 1411 in
344 1348 449 1431 priore
473 1357 565 1429 parte
581 1347 725 1412 lamosae
741 1346 870 1430 glossae
886 1346 1123 1428 Harpocration
1138 1368 1164 1413 s.
1179 1369 1210 1413 ν.
1226 1340 1434 1430 βουλεύσεως,

178 1446 256 1518 ὅταν
284 1477 335 1531 τις
363 1451 626 1538 ἐγγεγραμμένος,
657 1446 701 1532 ὡς
728 1443 873 1538 ὀφείλων
893 1453 940 1538 τῷ
963 1449 1121 1537 δημοσίῳ,
1142 1444 1239 1530 αὐτὸς
1260 1445 1435 1536 δικάζηταί

177 1582 253 1638 τινι,
286 1550 328 1637 ὡς
355 1550 392 1624 οὗ
419 1557 558 1637 δικαίως
585 1552 683 1623 αύτδν
711 1551 935 1643 ίγγεγραφότι.
979 1555 1223 1620 Thesmothetis
1245 1577 1317 1620 eam
1339 1558 1434 1620 actio·

178 1684 253 1726 nem
274 1663 461 1728 convenisse
483 1662 676 1726 Aristoteles
697 1670 841 1738 testatur,
872 1663 960 1725 cuius
983 1663 1052 1743 ipsa
1074 1662 1173 1726 verba
1195 1662 1289 1726 affert
1311 1662 1435 1745 Harpo-

178 1769 300 1832 cration
328 1788 354 1832 s.
383 1789 414 1834 v.
442 1761 651 1850 παράστασις
679 1767 745 1850 (cir.
775 1767 893 1831 Pollux
913 1766 993 1830 VIII
1015 1767 1065 1842 88,
1089 1767 1153 1831 VII
1180 1767 1261 1850 154).
1304 1767 1435 1850 Quaero

178 1883 287 1937 autem
321 1893 413 1948 nunc,
451 1894 527 1936 num
560 1893 619 1955 per
650 1894 685 1937 se
720 1873 850 1956 quidem
885 1881 1066 1955 spectatum
1100 1872 1269 1936 verisimile
1305 1875 1346 1937 sit
1380 1883 1436 1936 aut

178 1978 372 2042 credendum
397 1980 538 2053 omnino,
568 1978 654 2041 nulla
676 1979 879 2042 distinctione
900 1977 984 2042 facta
1006 1978 1067 2041 sub
1088 1999 1153 2042 uno
1175 1979 1356 2060 eodemque
1381 2000 1435 2043 no

178 2084 262 2146 mine
294 2084 528 2166 comprehensa
560 2104 631 2146 esse
664 2083 729 2147 duo
766 2085 897 2147 crimina
929 2104 1012 2166 quae
1045 2093 1117 2148 toto
1150 2091 1186 2146 ut
1220 2083 1309 2149 aiunt
1344 2083 1435 2148 caelo

178 2189 259 2252 inter
287 2209 322 2252 se
348 2188 503 2253 distantll
540 2190 616 2253 Non
644 2198 694 2252 est
722 2187 870 2270 prolecto
899 2189 1077 2267 verisimile,
1111 2198 1210 2270 atque
1239 2209 1336 2271 aegre
1360 2189 1434 2252 mihi

176 2295 379 2377 persuadebo
408 2304 476 2358 tam
502 2294 610 2376 inepte
639 2303 672 2358 et
702 2294 921 2376 imprudenter
952 2294 1055 2356 causis
1092 2293 1272 2358 forensibus
1306 2296 1436 2359 nomina

177 2401 368 2482 imposuisse
389 2399 623 2478 Athenienses,
646 2419 770 2463 errores
793 2407 829 2461 ut
851 2399 941 2462 vitari
964 2399 1095 2461 omnino
1118 2419 1183 2462 non
1205 2401 1377 2481 potuerint.

262 2506 346 2568 Huic
382 2505 572 2568 dubitationi
607 2506 708 2569 addas
744 2506 832 2586 quod
868 2525 902 2567 re
944 2525 1020 2568 vera
1058 2503 1230 2590 βούλευσις
1265 2505 1296 2567 in
1332 2507 1437 2569 causis

177 2611 290 2693 capitis
312 2630 471 2691 nusquam
492 2611 648 2674 invenitur
668 2612 755 2692 apud
777 2618 931 2673 oratores.
975 2609 1072 2673 Nulla
1094 2620 1209 2674 estex
1229 2610 1435 2686 orationibus

178 2737 261 2799 quae
291 2717 322 2778 in
350 2709 550 2799 βουλεύσεως
577 2717 703 2779 actione
732 2715 842 2779 habita
871 2733 942 2777 esse
964 2715 1005 2778 sit
1026 2716 1161 2793 tradita;
1186 2736 1292 2798 neque
1313 2717 1435 2798 passim

177 2821 227 2884 hic
255 2821 307 2884 vel
336 2820 398 2883 illic
423 2830 705 2894 commemoratur,
735 2839 775 2882 ne
797 2819 829 2882 in
851 2840 891 2882 eo
915 2819 1044 2902 quidem
1074 2821 1314 2886 Aristocrateae
1351 2822 1434 2902 locu,

177 2926 231 2989 ubi
253 2928 489 2991 accuratissime
511 2935 739 3008 percensentur
758 2924 873 2988 iudicia
893 2926 1065 3009 omniaque
1082 2947 1166 3008 quae
1181 2927 1227 2990 eis
1247 2937 1436 3010 competant

177 3031 323 3109 crimina;
362 3032 404 3095 de
439 3031 619 3114 Areopago
653 3030 759 3112 legem
788 3029 890 3093 habes
922 3050 1019 3112 supra
1048 3033 1112 3095 iam
1143 3032 1305 3114 prolatam
1333 3032 1433 3096 hanc:

176 3134 233 3222 τὴν
253 3130 374 3223 βουλὴν
396 3131 543 3218 δικάζειν
565 3128 666 3225 φόνου
688 3133 743 3199 καί
766 3128 948 3220 τραύματος
970 3132 1007 3200 ἐκ
1029 3161 1086 3222 πρ.
1107 3135 1166 3203 καί
1193 3139 1361 3221 πυρκαϊᾶς
1376 3137 1433 3203 καί

178 3237 368 3326 φαρμάκων,
400 3237 459 3306 ἐάν
486 3266 537 3321 τις
565 3233 743 3330 ἀποκτείνῃ
774 3235 859 3321 δούς.
903 3242 955 3304 De
976 3241 1118 3305 Palladio
1141 3263 1216 3305 cunr
1237 3243 1337 3306 verba
1359 3243 1434 3308 lacit

177 3347 425 3424 Demosthenes,
450 3347 525 3411 nihil
547 3347 640 3411 affert
664 3349 695 3432 (ξ
712 3349 763 3431 71)
778 3356 908 3431 praeter
928 3337 1207 3435 pronuntiavimus.
1243 3346 1310 3412 Ubi
1325 3359 1433 3413 autem

178 3459 227 3515 est
249 3453 380 3515 tandem
394 3449 585 3536 βούλεοσιςλ
608 3452 762 3516 Omnium
784 3454 929 3516 excutias
948 3462 1113 3516 oratorum
1130 3452 1291 3517 orationes
1309 3475 1432 3534 omnes,

177 3556 298 3621 nullum
331 3558 399 3620 eius
432 3559 572 3623 invenies
604 3559 792 3640 vestigium;
826 3557 986 3620 silentium
1018 3558 1059 3620 de
1089 3577 1128 3620 ea
1157 3566 1207 3620 est
1233 3559 1433 3630 altissimum.

175 3664 262 3728 Inter
289 3664 402 3745 capitis
430 3684 543 3729 causas
572 3661 743 3750 βούλευσις
764 3684 897 3747 prorsus
918 3663 1081 3745 incognita
1102 3661 1160 3726 luit
1182 3663 1433 3732 Atheniensibus

175 3778 274 3849 atque
309 3769 449 3832 inaudita
458 3772 491 3852 ¹).
542 3770 702 3852 Philippio
735 3771 821 3834 enim
854 3790 942 3844 cave,
980 3789 1020 3832 ne
1049 3768 1148 3832 ullam
1177 3770 1298 3834 habeas
1324 3769 1431 3848 fidem,

177 3875 265 3955 quod
292 3876 367 3938 dicit
389 3875 459 3956 (Ar.
485 3896 514 3938 u.
537 3874 622 3957 Eph.
645 3895 677 3958 p.
700 3877 772 3957 43):
808 3876 890 3939 »und
912 3895 949 3938 so
971 3871 1079 3937 finden
1101 3875 1157 3937 wir
1178 3875 1264 3939 denn
1285 3876 1368 3939 auch
1390 3877 1433 3940 im

176 3971 275 4061 νόμος
304 3975 440 4068 φονικός
470 3981 528 4044 der
554 3977 703 4044 Inschriit
731 3977 780 4062 (C.
811 3981 835 4044 1.
866 3981 908 4048 A.
939 3981 953 4043 Ι
982 3980 1019 4043 61
1053 4000 1083 4044 v.
1118 3983 1168 4064 12)
1189 3980 1241 4043 die
1262 3974 1435 4065 βούλετοις

177 4085 280 4148 neben
314 4087 389 4150 dem
423 4079 524 4173 φόνος
554 4079 710 4163 ἀκούσιος
739 4094 832 4150 unter
861 4087 919 4151 der
947 4086 1152 4167 Kompetenz
1181 4086 1239 4150 des
1267 4086 1434 4151 Palladion

263 4335 283 4402 ¹)
302 4339 411 4404 Lipsius,
430 4342 502 4392 Burs.
518 4340 606 4406 Jahrb.
625 4341 674 4390 XV
693 4339 743 4404 289
757 4339 808 4390 boe
825 4339 875 4392 iam
897 4340 1081 4390 animadvertit.
