<?xml version="1.0" encoding="UTF-8"?>
<!DOCTYPE html PUBLIC "-//W3C//DTD XHTML 1.0 Transitional//EN"
    "http://www.w3.org/TR/xhtml1/DTD/xhtml1-transitional.dtd">
<html xmlns="http://www.w3.org/1999/xhtml" xml:lang="en" lang="en">
 <head>
  <title>
</title>
<meta http-equiv="Content-Type" content="text/html;charset=utf-8" />
  <meta name='ocr-system' content='tesseract 3.04.00' />
  <meta name='ocr-capabilities' content='ocr_page ocr_carea ocr_par ocr_line ocrx_word'/>
</head>
<body>
  <div class='ocr_page' id='page_1' title='image "./decriminevouleu00passgoog_0035.png"; bbox 0 0 3352 4994; ppageno 0'>
   <div class='ocr_carea' id='block_1_1' title="bbox 731 301 945 368">
    <p class='ocr_par' dir='ltr' id='par_1_1' title="bbox 731 301 945 368">
     <span class='ocr_line' id='line_1_1' title="bbox 731 301 945 368; baseline 0 -16"><span class='ocrx_word' id='word_1_1' title='bbox 731 301 945 368; x_wconf 65' lang='lat' dir='ltr'>L-28-</span> 
     </span>
    </p>
   </div>
   <div class='ocr_carea' id='block_1_2' title="bbox 207 473 1470 3938">
    <p class='ocr_par' dir='ltr' id='par_1_2' title="bbox 207 473 1467 2452">
     <span class='ocr_line' id='line_1_2' title="bbox 210 473 1465 558; baseline 0.001 -17"><span class='ocrx_word' id='word_1_2' title='bbox 210 477 301 550; x_wconf 77' lang='lat' dir='ltr'>ideo,</span> <span class='ocrx_word' id='word_1_3' title='bbox 334 477 408 558; x_wconf 92' lang='lat' dir='ltr'>quia</span> <span class='ocrx_word' id='word_1_4' title='bbox 436 473 634 538; x_wconf 88' lang='lat' dir='ltr'>clandestina</span> <span class='ocrx_word' id='word_1_5' title='bbox 661 473 797 537; x_wconf 85' lang='lat' dir='ltr'>sortasse</span> <span class='ocrx_word' id='word_1_6' title='bbox 826 483 923 557; x_wconf 84' lang='lat' dir='ltr'>atque</span> <span class='ocrx_word' id='word_1_7' title='bbox 952 476 1102 540; x_wconf 90' lang='lat' dir='ltr'>insidiosa</span> <span class='ocrx_word' id='word_1_8' title='bbox 1130 478 1254 542; x_wconf 87' lang='lat' dir='ltr'>ratione</span> <span class='ocrx_word' id='word_1_9' title='bbox 1283 479 1386 558; x_wconf 86' lang='lat' dir='ltr'>magis</span> <span class='ocrx_word' id='word_1_10' title='bbox 1414 499 1465 542; x_wconf 89' lang='lat' dir='ltr'>res</span> 
     </span>
     <span class='ocr_line' id='line_1_3' title="bbox 210 579 1465 667; baseline 0.002 -21"><span class='ocrx_word' id='word_1_11' title='bbox 210 592 342 667; x_wconf 87' lang='lat' dir='ltr'>peracta</span> <span class='ocrx_word' id='word_1_12' title='bbox 378 588 446 643; x_wconf 89' lang='lat' dir='ltr'>erat</span> <span class='ocrx_word' id='word_1_13' title='bbox 482 599 580 661; x_wconf 87' lang='lat' dir='ltr'>quam</span> <span class='ocrx_word' id='word_1_14' title='bbox 614 581 646 642; x_wconf 88' lang='lat' dir='ltr'>vi</span> <span class='ocrx_word' id='word_1_15' title='bbox 676 579 845 644; x_wconf 81' lang='lat' dir='ltr'>manifesta</span> <span class='ocrx_word' id='word_1_16' title='bbox 873 589 906 643; x_wconf 90' lang='lat' dir='ltr'>et</span> <span class='ocrx_word' id='word_1_17' title='bbox 935 583 1080 644; x_wconf 79' lang='lat' dir='ltr'>cruentat</span> <span class='ocrx_word' id='word_1_18' title='bbox 1120 579 1221 664; x_wconf 87' lang='lat' dir='ltr'><strong>Quasi</strong></span> <span class='ocrx_word' id='word_1_19' title='bbox 1250 583 1350 647; x_wconf 90' lang='lat' dir='ltr'>levius</span> <span class='ocrx_word' id='word_1_20' title='bbox 1379 593 1465 648; x_wconf 90' lang='lat' dir='ltr'>esset</span> 
     </span>
     <span class='ocr_line' id='line_1_4' title="bbox 209 683 1465 768; baseline -0.001 -15"><span class='ocrx_word' id='word_1_21' title='bbox 209 689 345 761; x_wconf 87' lang='lat' dir='ltr'>crimen,</span> <span class='ocrx_word' id='word_1_22' title='bbox 384 684 540 749; x_wconf 92' lang='lat' dir='ltr'>inclusum</span> <span class='ocrx_word' id='word_1_23' title='bbox 577 684 717 765; x_wconf 86' lang='lat' dir='ltr'>aliquem</span> <span class='ocrx_word' id='word_1_24' title='bbox 754 683 838 749; x_wconf 79' lang='lat' dir='ltr'>same</span> <span class='ocrx_word' id='word_1_25' title='bbox 873 685 978 748; x_wconf 92' lang='lat' dir='ltr'>necari</span> <span class='ocrx_word' id='word_1_26' title='bbox 1013 685 1195 768; x_wconf 88' lang='lat' dir='ltr'><strong>longinquis</strong></span> <span class='ocrx_word' id='word_1_27' title='bbox 1224 697 1256 752; x_wconf 90' lang='lat' dir='ltr'>et</span> <span class='ocrx_word' id='word_1_28' title='bbox 1285 687 1465 753; x_wconf 88' lang='lat' dir='ltr'>inhumanis</span> 
     </span>
     <span class='ocr_line' id='line_1_5' title="bbox 211 790 1465 873; baseline -0.001 -16"><span class='ocrx_word' id='word_1_29' title='bbox 211 792 375 857; x_wconf 90' lang='lat' dir='ltr'>doloribus</span> <span class='ocrx_word' id='word_1_30' title='bbox 403 810 595 873; x_wconf 90' lang='lat' dir='ltr'>oppressum</span> <span class='ocrx_word' id='word_1_31' title='bbox 604 791 636 873; x_wconf 76' lang='grc' dir='ltr'>ι).</span> <span class='ocrx_word' id='word_1_32' title='bbox 685 790 771 854; x_wconf 92' lang='lat' dir='ltr'>Nihil</span> <span class='ocrx_word' id='word_1_33' title='bbox 799 792 841 854; x_wconf 87' lang='lat' dir='ltr'>ad</span> <span class='ocrx_word' id='word_1_34' title='bbox 860 809 1020 853; x_wconf 89' lang='lat' dir='ltr'>summam</span> <span class='ocrx_word' id='word_1_35' title='bbox 1042 811 1110 855; x_wconf 84' lang='lat' dir='ltr'>rem</span> <span class='ocrx_word' id='word_1_36' title='bbox 1131 792 1207 856; x_wconf 86' lang='lat' dir='ltr'>facit</span> <span class='ocrx_word' id='word_1_37' title='bbox 1229 795 1345 857; x_wconf 92' lang='lat' dir='ltr'>modus</span> <span class='ocrx_word' id='word_1_38' title='bbox 1373 796 1465 858; x_wconf 88' lang='lat' dir='ltr'>inter·</span> 
     </span>
     <span class='ocr_line' id='line_1_6' title="bbox 211 894 1465 978; baseline 0.001 -17"><span class='ocrx_word' id='word_1_39' title='bbox 211 897 350 970; x_wconf 87' lang='lat' dir='ltr'>ficiendi,</span> <span class='ocrx_word' id='word_1_40' title='bbox 381 916 447 958; x_wconf 91' lang='lat' dir='ltr'>non</span> <span class='ocrx_word' id='word_1_41' title='bbox 475 897 580 960; x_wconf 91' lang='lat' dir='ltr'>minus</span> <span class='ocrx_word' id='word_1_42' title='bbox 611 896 681 978; x_wconf 89' lang='lat' dir='ltr'>quis</span> <span class='ocrx_word' id='word_1_43' title='bbox 708 895 863 960; x_wconf 88' lang='lat' dir='ltr'>scelestus</span> <span class='ocrx_word' id='word_1_44' title='bbox 890 894 1015 959; x_wconf 86' lang='lat' dir='ltr'>videtur</span> <span class='ocrx_word' id='word_1_45' title='bbox 1043 897 1109 958; x_wconf 91' lang='lat' dir='ltr'>sive</span> <span class='ocrx_word' id='word_1_46' title='bbox 1137 899 1307 963; x_wconf 83' lang='lat' dir='ltr'>trucidavit</span> <span class='ocrx_word' id='word_1_47' title='bbox 1328 899 1465 964; x_wconf 89' lang='lat' dir='ltr'>alterum</span> 
     </span>
     <span class='ocr_line' id='line_1_7' title="bbox 211 1001 1466 1084; baseline 0.001 -16"><span class='ocrx_word' id='word_1_48' title='bbox 211 1023 275 1068; x_wconf 90' lang='lat' dir='ltr'>uno</span> <span class='ocrx_word' id='word_1_49' title='bbox 296 1003 370 1076; x_wconf 91' lang='lat' dir='ltr'>ictu,</span> <span class='ocrx_word' id='word_1_50' title='bbox 400 1002 467 1065; x_wconf 92' lang='lat' dir='ltr'>sive</span> <span class='ocrx_word' id='word_1_51' title='bbox 497 1009 636 1064; x_wconf 86' lang='lat' dir='ltr'>mortem</span> <span class='ocrx_word' id='word_1_52' title='bbox 665 1001 694 1063; x_wconf 93' lang='lat' dir='ltr'>ei</span> <span class='ocrx_word' id='word_1_53' title='bbox 722 1001 847 1082; x_wconf 90' lang='lat' dir='ltr'>paravit</span> <span class='ocrx_word' id='word_1_54' title='bbox 868 1001 1016 1064; x_wconf 89' lang='lat' dir='ltr'>dolosam</span> <span class='ocrx_word' id='word_1_55' title='bbox 1038 1021 1098 1064; x_wconf 89' lang='lat' dir='ltr'>nec</span> <span class='ocrx_word' id='word_1_56' title='bbox 1119 1005 1317 1084; x_wconf 83' lang='lat' dir='ltr'>repentinam</span> <span class='ocrx_word' id='word_1_57' title='bbox 1339 1015 1396 1069; x_wconf 90' lang='lat' dir='ltr'>aut</span> <span class='ocrx_word' id='word_1_58' title='bbox 1417 1026 1466 1069; x_wconf 92' lang='lat' dir='ltr'>ac·</span> 
     </span>
     <span class='ocr_line' id='line_1_8' title="bbox 210 1105 1465 1188; baseline 0.001 -16"><span class='ocrx_word' id='word_1_59' title='bbox 210 1109 375 1173; x_wconf 91' lang='lat' dir='ltr'>cusatione</span> <span class='ocrx_word' id='word_1_60' title='bbox 404 1105 484 1170; x_wconf 89' lang='lat' dir='ltr'>salsa</span> <span class='ocrx_word' id='word_1_61' title='bbox 513 1115 569 1168; x_wconf 87' lang='lat' dir='ltr'>aut</span> <span class='ocrx_word' id='word_1_62' title='bbox 598 1105 679 1168; x_wconf 85' lang='lat' dir='ltr'>falso</span> <span class='ocrx_word' id='word_1_63' title='bbox 701 1105 886 1168; x_wconf 88' lang='lat' dir='ltr'>testimonio</span> <span class='ocrx_word' id='word_1_64' title='bbox 907 1115 963 1170; x_wconf 91' lang='lat' dir='ltr'>aut</span> <span class='ocrx_word' id='word_1_65' title='bbox 984 1106 1096 1188; x_wconf 91' lang='lat' dir='ltr'>quavis</span> <span class='ocrx_word' id='word_1_66' title='bbox 1117 1108 1240 1170; x_wconf 91' lang='lat' dir='ltr'>ratione</span> <span class='ocrx_word' id='word_1_67' title='bbox 1263 1109 1334 1173; x_wconf 91' lang='lat' dir='ltr'>alia.</span> <span class='ocrx_word' id='word_1_68' title='bbox 1379 1110 1465 1173; x_wconf 91' lang='lat' dir='ltr'>Nihil</span> 
     </span>
     <span class='ocr_line' id='line_1_9' title="bbox 207 1210 1464 1296; baseline 0 -18"><span class='ocrx_word' id='word_1_69' title='bbox 207 1215 307 1278; x_wconf 79' lang='lat' dir='ltr'>&#39;etiam</span> <span class='ocrx_word' id='word_1_70' title='bbox 335 1215 487 1276; x_wconf 87' lang='lat' dir='ltr'>interesse</span> <span class='ocrx_word' id='word_1_71' title='bbox 515 1211 603 1275; x_wconf 91' lang='lat' dir='ltr'>iubet</span> <span class='ocrx_word' id='word_1_72' title='bbox 629 1210 721 1274; x_wconf 89' lang='lat' dir='ltr'>Plato</span> <span class='ocrx_word' id='word_1_73' title='bbox 750 1211 809 1274; x_wconf 90' lang='lat' dir='ltr'>nisi</span> <span class='ocrx_word' id='word_1_74' title='bbox 830 1211 979 1274; x_wconf 86' lang='lat' dir='ltr'>minutias</span> <span class='ocrx_word' id='word_1_75' title='bbox 1000 1213 1179 1294; x_wconf 83' lang='lat' dir='ltr'>quasdam:</span> <span class='ocrx_word' id='word_1_76' title='bbox 1197 1211 1257 1293; x_wconf 90' lang='lat' dir='ltr'>leg.</span> <span class='ocrx_word' id='word_1_77' title='bbox 1281 1213 1328 1275; x_wconf 92' lang='lat' dir='ltr'>IX</span> <span class='ocrx_word' id='word_1_78' title='bbox 1350 1217 1412 1296; x_wconf 87' lang='lat'>872</span> <span class='ocrx_word' id='word_1_79' title='bbox 1429 1237 1464 1278; x_wconf 92' lang='lat' dir='ltr'>a:</span> 
     </span>
     <span class='ocr_line' id='line_1_10' title="bbox 213 1307 1463 1402; baseline -0.003 -14"><span class='ocrx_word' id='word_1_80' title='bbox 213 1316 271 1388; x_wconf 76' lang='grc' dir='ltr'><strong><em>ἐὰν</em></strong></span> <span class='ocrx_word' id='word_1_81' title='bbox 292 1318 329 1385; x_wconf 78' lang='grc' dir='ltr'>δὲ</span> <span class='ocrx_word' id='word_1_82' title='bbox 352 1309 502 1401; x_wconf 73' lang='grc' dir='ltr'><strong><em>αὐτόχειρ</em></strong></span> <span class='ocrx_word' id='word_1_83' title='bbox 523 1315 584 1398; x_wconf 79' lang='grc' dir='ltr'><strong><em>μὲν</em></strong></span> <span class='ocrx_word' id='word_1_84' title='bbox 596 1315 649 1396; x_wconf 83' lang='grc' dir='ltr'>μή,</span> <span class='ocrx_word' id='word_1_85' title='bbox 672 1309 880 1400; x_wconf 78' lang='grc' dir='ltr'><strong><em>βουλεύσῃ</em></strong></span> <span class='ocrx_word' id='word_1_86' title='bbox 903 1315 941 1380; x_wconf 81' lang='grc' dir='ltr'>δὲ</span> <span class='ocrx_word' id='word_1_87' title='bbox 956 1309 1100 1382; x_wconf 71' lang='grc' dir='ltr'><strong><em>θάνατόν</em></strong></span> <span class='ocrx_word' id='word_1_88' title='bbox 1113 1339 1164 1394; x_wconf 83' lang='grc' dir='ltr'><strong><em>τις</em></strong></span> <span class='ocrx_word' id='word_1_89' title='bbox 1178 1307 1278 1395; x_wconf 77' lang='grc' dir='ltr'><strong><em>ἶν’λλος</em></strong></span> <span class='ocrx_word' id='word_1_90' title='bbox 1292 1315 1392 1402; x_wconf 77' lang='grc' dir='ltr'><strong><em>ἑτέρῳ</em></strong></span> <span class='ocrx_word' id='word_1_91' title='bbox 1405 1320 1463 1384; x_wconf 85' lang='grc' dir='ltr'><strong><em>καί</em></strong></span> 
     </span>
     <span class='ocr_line' id='line_1_11' title="bbox 207 1411 1464 1515; baseline -0.005 -23"><span class='ocrx_word' id='word_1_92' title='bbox 207 1428 249 1515; x_wconf 75' lang='grc' dir='ltr'>τῇ</span> <span class='ocrx_word' id='word_1_93' title='bbox 276 1421 430 1509; x_wconf 79' lang='grc' dir='ltr'><em>βουλήσει</em></span> <span class='ocrx_word' id='word_1_94' title='bbox 459 1419 574 1486; x_wconf 80' lang='grc' dir='ltr'><strong><em>τεκαὶ</em></strong></span> <span class='ocrx_word' id='word_1_95' title='bbox 597 1412 826 1502; x_wconf 74' lang='grc' dir='ltr'><strong><em>ἐπιβουλεύσει</em></strong></span> <span class='ocrx_word' id='word_1_96' title='bbox 849 1411 1047 1499; x_wconf 78' lang='grc' dir='ltr'><strong><em>ἀποκτείνας</em></strong></span> <span class='ocrx_word' id='word_1_97' title='bbox 1066 1414 1174 1499; x_wconf 78' lang='grc' dir='ltr'><strong><em>α’ίτιος</em></strong></span> <span class='ocrx_word' id='word_1_98' title='bbox 1196 1413 1241 1487; x_wconf 74' lang='grc' dir='ltr'><strong><em>ὢν</em></strong></span> <span class='ocrx_word' id='word_1_99' title='bbox 1262 1419 1318 1486; x_wconf 85' lang='grc' dir='ltr'>καὶ</span> <span class='ocrx_word' id='word_1_100' title='bbox 1340 1422 1385 1508; x_wconf 78' lang='grc' dir='ltr'>μὴ</span> <span class='ocrx_word' id='word_1_101' title='bbox 1406 1445 1464 1486; x_wconf 89' lang='grc' dir='ltr'>κα-</span> 
     </span>
     <span class='ocr_line' id='line_1_12' title="bbox 212 1510 1464 1616; baseline -0.002 -20"><span class='ocrx_word' id='word_1_102' title='bbox 212 1524 318 1615; x_wconf 74' lang='grc' dir='ltr'><strong><em>θαρός</em></strong></span> <span class='ocrx_word' id='word_1_103' title='bbox 339 1525 397 1616; x_wconf 78' lang='grc' dir='ltr'><strong><em>τὴν</em></strong></span> <span class='ocrx_word' id='word_1_104' title='bbox 423 1527 528 1611; x_wconf 80' lang='grc' dir='ltr'><strong><em>ψυχὴν</em></strong></span> <span class='ocrx_word' id='word_1_105' title='bbox 548 1526 607 1591; x_wconf 80' lang='grc' dir='ltr'>τοῦ</span> <span class='ocrx_word' id='word_1_106' title='bbox 629 1522 730 1610; x_wconf 82' lang='grc' dir='ltr'><strong><em>φόνου</em></strong></span> <span class='ocrx_word' id='word_1_107' title='bbox 754 1520 788 1589; x_wconf 80' lang='grc' dir='ltr'><strong><em>ἐν</em></strong></span> <span class='ocrx_word' id='word_1_108' title='bbox 809 1510 908 1590; x_wconf 81' lang='grc' dir='ltr'><strong><em>ιτόλει</em></strong></span> <span class='ocrx_word' id='word_1_109' title='bbox 931 1522 1050 1612; x_wconf 76' lang='grc' dir='ltr'><strong><em>ἐνοικῇ,</em></strong></span> <span class='ocrx_word' id='word_1_110' title='bbox 1080 1524 1262 1610; x_wconf 75' lang='grc' dir='ltr'><strong><em>γιγνέσθων</em></strong></span> <span class='ocrx_word' id='word_1_111' title='bbox 1283 1527 1340 1593; x_wconf 88' lang='grc' dir='ltr'>καί</span> <span class='ocrx_word' id='word_1_112' title='bbox 1361 1521 1464 1615; x_wconf 78' lang='grc' dir='ltr'><strong><em>τούτῳ</em></strong></span> 
     </span>
     <span class='ocr_line' id='line_1_13' title="bbox 211 1623 1463 1718; baseline -0.006 -15"><span class='ocrx_word' id='word_1_113' title='bbox 211 1631 317 1704; x_wconf 81' lang='grc' dir='ltr'><strong><em>κατὰ</em></strong></span> <span class='ocrx_word' id='word_1_114' title='bbox 338 1627 465 1701; x_wconf 78' lang='grc' dir='ltr'><strong><em>ταύτὰ</em></strong></span> <span class='ocrx_word' id='word_1_115' title='bbox 489 1627 522 1696; x_wconf 80' lang='lat' dir='ltr'>ai</span> <span class='ocrx_word' id='word_1_116' title='bbox 548 1627 671 1714; x_wconf 81' lang='grc' dir='ltr'><strong><em>κρίσεις</em></strong></span> <span class='ocrx_word' id='word_1_117' title='bbox 692 1623 814 1694; x_wconf 80' lang='grc' dir='ltr'><strong><em>τούτων</em></strong></span> <span class='ocrx_word' id='word_1_118' title='bbox 835 1627 914 1714; x_wconf 82' lang='grc' dir='ltr'><strong><em>πέρι</em></strong></span> <span class='ocrx_word' id='word_1_119' title='bbox 930 1625 1017 1718; x_wconf 74' lang='grc' dir='ltr'><strong><em>πλήν</em></strong></span> <span class='ocrx_word' id='word_1_120' title='bbox 1031 1633 1088 1718; x_wconf 76' lang='grc' dir='ltr'>τῆς</span> <span class='ocrx_word' id='word_1_121' title='bbox 1103 1629 1225 1718; x_wconf 78' lang='grc' dir='ltr'><strong><em>ἐγγύης.</em></strong></span> <span class='ocrx_word' id='word_1_122' title='bbox 1261 1633 1316 1696; x_wconf 85' lang='lat' dir='ltr'>cfr.</span> <span class='ocrx_word' id='word_1_123' title='bbox 1333 1633 1463 1696; x_wconf 87' lang='lat' dir='ltr'>Lucian.</span> 
     </span>
     <span class='ocr_line' id='line_1_14' title="bbox 211 1729 1467 1824; baseline -0.003 -17"><span class='ocrx_word' id='word_1_124' title='bbox 211 1741 419 1824; x_wconf 88' lang='lat' dir='ltr'>tyrannicida.</span> <span class='ocrx_word' id='word_1_125' title='bbox 461 1738 532 1818; x_wconf 90' lang='lat' dir='ltr'>Bip.</span> <span class='ocrx_word' id='word_1_126' title='bbox 554 1744 577 1798; x_wconf 90' lang='lat' dir='ltr'>t.</span> <span class='ocrx_word' id='word_1_127' title='bbox 598 1734 648 1798; x_wconf 92' lang='lat' dir='ltr'>IV</span> <span class='ocrx_word' id='word_1_128' title='bbox 671 1735 747 1814; x_wconf 89' lang='lat'>318:</span> <span class='ocrx_word' id='word_1_129' title='bbox 779 1729 890 1814; x_wconf 81' lang='grc' dir='ltr'><strong><em>αἰτίας</em></strong></span> <span class='ocrx_word' id='word_1_130' title='bbox 917 1734 1064 1802; x_wconf 76' lang='grc' dir='ltr'><strong><em>θανάτου</em></strong></span> <span class='ocrx_word' id='word_1_131' title='bbox 1092 1729 1179 1802; x_wconf 71' lang='grc' dir='ltr'><strong><em>εἶναι</em></strong></span> <span class='ocrx_word' id='word_1_132' title='bbox 1208 1733 1318 1817; x_wconf 77' lang='grc' dir='ltr'><strong><em>διττάς</em></strong></span> <span class='ocrx_word' id='word_1_133' title='bbox 1334 1761 1338 1801; x_wconf 95' lang='lat'><strong>:</strong></span> <span class='ocrx_word' id='word_1_134' title='bbox 1357 1733 1392 1804; x_wconf 81' lang='grc' dir='ltr'>εί</span> <span class='ocrx_word' id='word_1_135' title='bbox 1414 1761 1467 1816; x_wconf 79' lang='grc' dir='ltr'><strong><em>τις</em></strong></span> 
     </span>
     <span class='ocr_line' id='line_1_15' title="bbox 213 1832 1464 1931; baseline -0.004 -18"><span class='ocrx_word' id='word_1_136' title='bbox 213 1844 309 1925; x_wconf 71' lang='grc' dir='ltr'><strong><em>αὐτὸς</em></strong></span> <span class='ocrx_word' id='word_1_137' title='bbox 340 1836 512 1909; x_wconf 74' lang='grc' dir='ltr'><strong><em>ἀπέκτεινε</em></strong></span> <span class='ocrx_word' id='word_1_138' title='bbox 534 1832 554 1928; x_wconf 77' lang='grc' dir='ltr'>ἢ</span> <span class='ocrx_word' id='word_1_139' title='bbox 576 1833 611 1906; x_wconf 82' lang='grc' dir='ltr'>εί</span> <span class='ocrx_word' id='word_1_140' title='bbox 637 1862 688 1919; x_wconf 85' lang='grc' dir='ltr'><strong><em>τις</em></strong></span> <span class='ocrx_word' id='word_1_141' title='bbox 708 1834 754 1927; x_wconf 83' lang='grc' dir='ltr'>μὴ</span> <span class='ocrx_word' id='word_1_142' title='bbox 784 1832 880 1920; x_wconf 81' lang='grc' dir='ltr'><strong><em>αύιὸς</em></strong></span> <span class='ocrx_word' id='word_1_143' title='bbox 908 1839 967 1923; x_wconf 80' lang='grc' dir='ltr'><strong><em>μὲν</em></strong></span> <span class='ocrx_word' id='word_1_144' title='bbox 1000 1835 1173 1908; x_wconf 76' lang='grc' dir='ltr'><strong><em>ἀπέκτεινε</em></strong></span> <span class='ocrx_word' id='word_1_145' title='bbox 1198 1843 1283 1927; x_wconf 76' lang='grc' dir='ltr'>μηδὲ</span> <span class='ocrx_word' id='word_1_146' title='bbox 1311 1845 1350 1931; x_wconf 78' lang='grc' dir='ltr'>τῇ</span> <span class='ocrx_word' id='word_1_147' title='bbox 1379 1843 1464 1928; x_wconf 79' lang='grc' dir='ltr'><strong><em>χειρί</em></strong></span> 
     </span>
     <span class='ocr_line' id='line_1_16' title="bbox 212 1937 1464 2036; baseline -0.006 -17"><span class='ocrx_word' id='word_1_148' title='bbox 212 1951 330 2036; x_wconf 75' lang='grc' dir='ltr'><strong><em>ἔδρασε</em></strong></span> <span class='ocrx_word' id='word_1_149' title='bbox 359 1943 398 2016; x_wconf 79' lang='lat' dir='ltr'>cd</span> <span class='ocrx_word' id='word_1_150' title='bbox 427 1945 529 2033; x_wconf 75' lang='grc' dir='ltr'><strong><em>ἔργον,</em></strong></span> <span class='ocrx_word' id='word_1_151' title='bbox 562 1937 724 2028; x_wconf 80' lang='grc' dir='ltr'><strong><em>ἠνάγκασε</em></strong></span> <span class='ocrx_word' id='word_1_152' title='bbox 753 1944 791 2012; x_wconf 82' lang='grc' dir='ltr'>δὲ</span> <span class='ocrx_word' id='word_1_153' title='bbox 820 1944 878 2012; x_wconf 87' lang='grc' dir='ltr'>καί</span> <span class='ocrx_word' id='word_1_154' title='bbox 902 1946 1065 2032; x_wconf 82' lang='grc' dir='ltr'><strong><em>παρέσχεν</em></strong></span> <span class='ocrx_word' id='word_1_155' title='bbox 1087 1939 1236 2034; x_wconf 77' lang='grc' dir='ltr'><strong><em>ἀφορμὴν</em></strong></span> <span class='ocrx_word' id='word_1_156' title='bbox 1256 1950 1313 2015; x_wconf 78' lang='grc' dir='ltr'>τοῦ</span> <span class='ocrx_word' id='word_1_157' title='bbox 1335 1947 1464 2032; x_wconf 80' lang='grc' dir='ltr'><strong><em>φόνου.</em></strong></span> 
     </span>
     <span class='ocr_line' id='line_1_17' title="bbox 211 2043 1466 2143; baseline -0.003 -19"><span class='ocrx_word' id='word_1_158' title='bbox 211 2053 253 2125; x_wconf 81' lang='grc' dir='ltr'>τὰ</span> <span class='ocrx_word' id='word_1_159' title='bbox 282 2053 342 2122; x_wconf 76' lang='grc' dir='ltr'><strong><em>’ίσα</em></strong></span> <span class='ocrx_word' id='word_1_160' title='bbox 368 2056 426 2120; x_wconf 84' lang='grc' dir='ltr'>καὶ</span> <span class='ocrx_word' id='word_1_161' title='bbox 455 2055 575 2136; x_wconf 47' lang='grc' dir='ltr'><strong><em>τοῦτον,</em></strong></span> <span class='ocrx_word' id='word_1_162' title='bbox 598 2043 690 2130; x_wconf 82' lang='grc' dir='ltr'><strong><em>ἀξιοῖ</em></strong></span> <span class='ocrx_word' id='word_1_163' title='bbox 720 2043 738 2117; x_wconf 84' lang='grc' dir='ltr'><em>ὃ</em></span> <span class='ocrx_word' id='word_1_164' title='bbox 767 2048 865 2131; x_wconf 89' lang='grc' dir='ltr'><strong><em>νόμος</em></strong></span> <span class='ocrx_word' id='word_1_165' title='bbox 887 2046 1174 2134; x_wconf 71' lang='grc' dir='ltr'><strong><em>ἀντικολάζεσθαι.</em></strong></span> <span class='ocrx_word' id='word_1_166' title='bbox 1218 2055 1365 2136; x_wconf 88' lang='lat' dir='ltr'>Integrae</span> <span class='ocrx_word' id='word_1_167' title='bbox 1392 2048 1466 2143; x_wconf 77' lang='grc' dir='ltr'><strong>»φό-</strong></span> 
     </span>
     <span class='ocr_line' id='line_1_18' title="bbox 211 2155 1466 2244; baseline 0.002 -24"><span class='ocrx_word' id='word_1_168' title='bbox 211 2189 285 2232; x_wconf 68' lang='grc' dir='ltr'><strong><em>γουι</em></strong></span> <span class='ocrx_word' id='word_1_169' title='bbox 310 2162 400 2244; x_wconf 91' lang='lat' dir='ltr'>leges</span> <span class='ocrx_word' id='word_1_170' title='bbox 428 2160 461 2222; x_wconf 92' lang='lat' dir='ltr'>in</span> <span class='ocrx_word' id='word_1_171' title='bbox 489 2178 564 2221; x_wconf 91' lang='lat' dir='ltr'>eum</span> <span class='ocrx_word' id='word_1_172' title='bbox 586 2175 717 2238; x_wconf 88' lang='lat' dir='ltr'>quoque</span> <span class='ocrx_word' id='word_1_173' title='bbox 738 2157 847 2220; x_wconf 89' lang='lat' dir='ltr'>valent</span> <span class='ocrx_word' id='word_1_174' title='bbox 869 2159 923 2238; x_wconf 94' lang='lat' dir='ltr'>qui</span> <span class='ocrx_word' id='word_1_175' title='bbox 945 2155 1123 2244; x_wconf 75' lang='grc' dir='ltr'><strong><em>βουλεύσας</em></strong></span> <span class='ocrx_word' id='word_1_176' title='bbox 1144 2158 1301 2222; x_wconf 83' lang='lat' dir='ltr'>interfecit</span> <span class='ocrx_word' id='word_1_177' title='bbox 1323 2168 1356 2222; x_wconf 92' lang='lat' dir='ltr'>et</span> <span class='ocrx_word' id='word_1_178' title='bbox 1378 2160 1466 2242; x_wconf 90' lang='lat' dir='ltr'>apud</span> 
     </span>
     <span class='ocr_line' id='line_1_19' title="bbox 212 2242 1467 2346; baseline -0.005 -12"><span class='ocrx_word' id='word_1_179' title='bbox 212 2268 428 2334; x_wconf 87' lang='lat' dir='ltr'>Athenienses</span> <span class='ocrx_word' id='word_1_180' title='bbox 449 2273 483 2327; x_wconf 93' lang='lat' dir='ltr'>et</span> <span class='ocrx_word' id='word_1_181' title='bbox 504 2262 591 2344; x_wconf 88' lang='lat' dir='ltr'>apud</span> <span class='ocrx_word' id='word_1_182' title='bbox 611 2281 670 2324; x_wconf 89' lang='lat' dir='ltr'>nos</span> <span class='ocrx_word' id='word_1_183' title='bbox 693 2271 726 2325; x_wconf 90' lang='lat' dir='ltr'>et</span> <span class='ocrx_word' id='word_1_184' title='bbox 748 2262 835 2345; x_wconf 91' lang='lat' dir='ltr'>apud</span> <span class='ocrx_word' id='word_1_185' title='bbox 858 2265 1004 2343; x_wconf 89' lang='lat' dir='ltr'>quamvis</span> <span class='ocrx_word' id='word_1_186' title='bbox 1026 2263 1121 2327; x_wconf 90' lang='lat' dir='ltr'>aliam</span> <span class='ocrx_word' id='word_1_187' title='bbox 1136 2242 1267 2346; x_wconf 84' lang='lat' dir='ltr'>gentem</span> <span class='ocrx_word' id='word_1_188' title='bbox 1285 2264 1335 2329; x_wconf 91' lang='lat' dir='ltr'>cui</span> <span class='ocrx_word' id='word_1_189' title='bbox 1349 2263 1467 2328; x_wconf 87' lang='lat' dir='ltr'>iustitia</span> 
     </span>
     <span class='ocr_line' id='line_1_20' title="bbox 212 2366 690 2452; baseline -0.023 -13"><span class='ocrx_word' id='word_1_190' title='bbox 212 2375 300 2439; x_wconf 94' lang='lat' dir='ltr'>cordi</span> <span class='ocrx_word' id='word_1_191' title='bbox 330 2381 380 2436; x_wconf 90' lang='lat' dir='ltr'>est</span> <span class='ocrx_word' id='word_1_192' title='bbox 408 2380 506 2452; x_wconf 89' lang='lat' dir='ltr'>atque</span> <span class='ocrx_word' id='word_1_193' title='bbox 535 2366 690 2447; x_wconf 90' lang='lat' dir='ltr'>aequitas.</span> 
     </span>
    </p>

    <p class='ocr_par' dir='ltr' id='par_1_3' title="bbox 211 2469 1470 3622">
     <span class='ocr_line' id='line_1_21' title="bbox 294 2469 1465 2560; baseline -0.003 -19"><span class='ocrx_word' id='word_1_194' title='bbox 294 2478 384 2560; x_wconf 87' lang='lat' dir='ltr'>Ergo</span> <span class='ocrx_word' id='word_1_195' title='bbox 407 2476 461 2556; x_wconf 92' lang='lat' dir='ltr'>qui</span> <span class='ocrx_word' id='word_1_196' title='bbox 484 2474 606 2537; x_wconf 89' lang='lat' dir='ltr'>ratione</span> <span class='ocrx_word' id='word_1_197' title='bbox 625 2492 690 2535; x_wconf 91' lang='lat' dir='ltr'>non</span> <span class='ocrx_word' id='word_1_198' title='bbox 713 2471 881 2535; x_wconf 86' lang='lat' dir='ltr'>manifesta</span> <span class='ocrx_word' id='word_1_199' title='bbox 902 2471 1058 2536; x_wconf 80' lang='lat' dir='ltr'>interiecit</span> <span class='ocrx_word' id='word_1_200' title='bbox 1079 2469 1243 2559; x_wconf 72' lang='grc' dir='ltr'><strong><em>(καθαρὸς</em></strong></span> <span class='ocrx_word' id='word_1_201' title='bbox 1262 2469 1322 2552; x_wconf 79' lang='grc' dir='ltr'>τὰς</span> <span class='ocrx_word' id='word_1_202' title='bbox 1343 2475 1465 2558; x_wconf 81' lang='grc' dir='ltr'><strong><em>χεῖρας)</em></strong></span> 
     </span>
     <span class='ocr_line' id='line_1_22' title="bbox 212 2575 1467 2659; baseline -0.006 -9"><span class='ocrx_word' id='word_1_203' title='bbox 212 2585 311 2650; x_wconf 88' lang='lat' dir='ltr'>modo</span> <span class='ocrx_word' id='word_1_204' title='bbox 336 2580 503 2647; x_wconf 90' lang='lat' dir='ltr'>consilium</span> <span class='ocrx_word' id='word_1_205' title='bbox 530 2578 676 2641; x_wconf 91' lang='lat' dir='ltr'>habuerit</span> <span class='ocrx_word' id='word_1_206' title='bbox 699 2575 916 2653; x_wconf 89' lang='lat' dir='ltr'>interficiendi,</span> <span class='ocrx_word' id='word_1_207' title='bbox 940 2587 1069 2659; x_wconf 87' lang='lat' dir='ltr'>praeter</span> <span class='ocrx_word' id='word_1_208' title='bbox 1084 2599 1215 2642; x_wconf 89' lang='lat' dir='ltr'>omnem</span> <span class='ocrx_word' id='word_1_209' title='bbox 1234 2579 1467 2642; x_wconf 80' lang='lat' dir='ltr'>dubitationem</span> 
     </span>
     <span class='ocr_line' id='line_1_23' title="bbox 211 2682 1464 2770; baseline -0.009 -14"><span class='ocrx_word' id='word_1_210' title='bbox 211 2694 253 2756; x_wconf 91' lang='lat' dir='ltr'>ad</span> <span class='ocrx_word' id='word_1_211' title='bbox 275 2687 493 2770; x_wconf 84' lang='lat' dir='ltr'>Areopagitas</span> <span class='ocrx_word' id='word_1_212' title='bbox 515 2683 721 2746; x_wconf 89' lang='lat' dir='ltr'>deducendus</span> <span class='ocrx_word' id='word_1_213' title='bbox 743 2691 802 2746; x_wconf 93' lang='lat' dir='ltr'>est.</span> <span class='ocrx_word' id='word_1_214' title='bbox 840 2682 928 2744; x_wconf 89' lang='lat' dir='ltr'>Bene</span> <span class='ocrx_word' id='word_1_215' title='bbox 950 2684 1067 2747; x_wconf 91' lang='lat' dir='ltr'>cedunt</span> <span class='ocrx_word' id='word_1_216' title='bbox 1083 2704 1134 2747; x_wconf 89' lang='lat' dir='ltr'>res</span> <span class='ocrx_word' id='word_1_217' title='bbox 1150 2705 1193 2748; x_wconf 87' lang='lat' dir='ltr'>ex</span> <span class='ocrx_word' id='word_1_218' title='bbox 1208 2684 1271 2748; x_wconf 90' lang='lat' dir='ltr'>hac</span> <span class='ocrx_word' id='word_1_219' title='bbox 1285 2684 1464 2748; x_wconf 89' lang='lat' dir='ltr'>sententia:</span> 
     </span>
     <span class='ocr_line' id='line_1_24' title="bbox 211 2786 1465 2870; baseline -0.006 -10"><span class='ocrx_word' id='word_1_220' title='bbox 211 2799 292 2861; x_wconf 86' lang='lat' dir='ltr'>duas</span> <span class='ocrx_word' id='word_1_221' title='bbox 313 2793 470 2857; x_wconf 91' lang='lat' dir='ltr'>habemus</span> <span class='ocrx_word' id='word_1_222' title='bbox 491 2789 572 2852; x_wconf 88' lang='lat' dir='ltr'>tales</span> <span class='ocrx_word' id='word_1_223' title='bbox 594 2789 737 2852; x_wconf 89' lang='lat' dir='ltr'>actiones</span> <span class='ocrx_word' id='word_1_224' title='bbox 757 2789 799 2850; x_wconf 91' lang='lat' dir='ltr'>ad</span> <span class='ocrx_word' id='word_1_225' title='bbox 824 2786 1036 2870; x_wconf 85' lang='lat' dir='ltr'>Areopagum</span> <span class='ocrx_word' id='word_1_226' title='bbox 1062 2809 1096 2852; x_wconf 84' lang='lat' dir='ltr'>re</span> <span class='ocrx_word' id='word_1_227' title='bbox 1121 2811 1197 2853; x_wconf 88' lang='lat' dir='ltr'>vera</span> <span class='ocrx_word' id='word_1_228' title='bbox 1220 2790 1339 2854; x_wconf 88' lang='lat' dir='ltr'>illatas:</span> <span class='ocrx_word' id='word_1_229' title='bbox 1370 2789 1465 2852; x_wconf 93' lang='lat' dir='ltr'>Dem.</span> 
     </span>
     <span class='ocr_line' id='line_1_25' title="bbox 214 2893 1467 2984; baseline -0.006 -20"><span class='ocrx_word' id='word_1_230' title='bbox 214 2918 262 2984; x_wconf 84' lang='lat'>54,</span> <span class='ocrx_word' id='word_1_231' title='bbox 286 2915 325 2980; x_wconf 82' lang='lat'>25</span> <span class='ocrx_word' id='word_1_232' title='bbox 350 2907 493 2963; x_wconf 90' lang='lat' dir='ltr'>narratur</span> <span class='ocrx_word' id='word_1_233' title='bbox 522 2903 614 2977; x_wconf 88' lang='lat' dir='ltr'>pater</span> <span class='ocrx_word' id='word_1_234' title='bbox 635 2893 810 2957; x_wconf 90' lang='lat' dir='ltr'>sacerdotis</span> <span class='ocrx_word' id='word_1_235' title='bbox 832 2893 1045 2958; x_wconf 87' lang='lat' dir='ltr'>Brauronicae</span> <span class='ocrx_word' id='word_1_236' title='bbox 1067 2915 1139 2958; x_wconf 88' lang='lat' dir='ltr'>reus</span> <span class='ocrx_word' id='word_1_237' title='bbox 1161 2894 1264 2959; x_wconf 87' lang='lat' dir='ltr'>sactus</span> <span class='ocrx_word' id='word_1_238' title='bbox 1287 2917 1367 2970; x_wconf 88' lang='lat' dir='ltr'>esse,</span> <span class='ocrx_word' id='word_1_239' title='bbox 1393 2915 1467 2958; x_wconf 91' lang='lat' dir='ltr'>cum</span> 
     </span>
     <span class='ocr_line' id='line_1_26' title="bbox 212 2998 1468 3080; baseline -0.007 -8"><span class='ocrx_word' id='word_1_240' title='bbox 212 3008 365 3072; x_wconf 88' lang='lat' dir='ltr'>mandato</span> <span class='ocrx_word' id='word_1_241' title='bbox 380 3002 470 3066; x_wconf 89' lang='lat' dir='ltr'>alteri</span> <span class='ocrx_word' id='word_1_242' title='bbox 484 3001 563 3064; x_wconf 89' lang='lat' dir='ltr'>dato</span> <span class='ocrx_word' id='word_1_243' title='bbox 574 2999 703 3062; x_wconf 89' lang='lat' dir='ltr'>tertium</span> <span class='ocrx_word' id='word_1_244' title='bbox 715 2999 876 3080; x_wconf 90' lang='lat' dir='ltr'>quendam</span> <span class='ocrx_word' id='word_1_245' title='bbox 887 2998 1138 3064; x_wconf 89' lang='lat' dir='ltr'>interficiendum</span> <span class='ocrx_word' id='word_1_246' title='bbox 1150 3003 1338 3078; x_wconf 88' lang='lat' dir='ltr'>curavisset;</span> <span class='ocrx_word' id='word_1_247' title='bbox 1355 3010 1468 3064; x_wconf 88' lang='lat' dir='ltr'>auctor</span> 
     </span>
     <span class='ocr_line' id='line_1_27' title="bbox 212 3101 1468 3189; baseline -0.009 -10"><span class='ocrx_word' id='word_1_248' title='bbox 212 3115 319 3179; x_wconf 90' lang='lat' dir='ltr'>caedis</span> <span class='ocrx_word' id='word_1_249' title='bbox 342 3109 507 3175; x_wconf 89' lang='lat' dir='ltr'>habendus</span> <span class='ocrx_word' id='word_1_250' title='bbox 529 3114 580 3168; x_wconf 87' lang='lat' dir='ltr'>est</span> <span class='ocrx_word' id='word_1_251' title='bbox 597 3101 789 3188; x_wconf 86' lang='grc' dir='ltr'><strong><em>βουλεύσας;</em></strong></span> <span class='ocrx_word' id='word_1_252' title='bbox 820 3105 973 3185; x_wconf 89' lang='lat' dir='ltr'>quoniam</span> <span class='ocrx_word' id='word_1_253' title='bbox 995 3125 1059 3168; x_wconf 92' lang='lat' dir='ltr'>non</span> <span class='ocrx_word' id='word_1_254' title='bbox 1081 3107 1386 3189; x_wconf 88' lang='lat' dir='ltr'>imprudenter,</span> <span class='ocrx_word' id='word_1_255' title='bbox 1410 3107 1468 3170; x_wconf 88' lang='lat' dir='ltr'>sed</span> 
     </span>
     <span class='ocr_line' id='line_1_28' title="bbox 211 3209 1469 3293; baseline -0.009 -10"><span class='ocrx_word' id='word_1_256' title='bbox 211 3239 299 3283; x_wconf 92' lang='lat' dir='ltr'>cum</span> <span class='ocrx_word' id='word_1_257' title='bbox 321 3213 503 3280; x_wconf 90' lang='lat' dir='ltr'>consilio</span> <span class='ocrx_word' id='word_1_258' title='bbox 524 3210 673 3274; x_wconf 88' lang='lat' dir='ltr'>videlicet</span> <span class='ocrx_word' id='word_1_259' title='bbox 694 3210 836 3273; x_wconf 90' lang='lat' dir='ltr'>incitavit</span> <span class='ocrx_word' id='word_1_260' title='bbox 858 3209 1003 3284; x_wconf 83' lang='lat' dir='ltr'>alterum,</span> <span class='ocrx_word' id='word_1_261' title='bbox 1030 3212 1117 3292; x_wconf 87' lang='lat' dir='ltr'>apud</span> <span class='ocrx_word' id='word_1_262' title='bbox 1138 3211 1357 3293; x_wconf 85' lang='lat' dir='ltr'>Areopagitas</span> <span class='ocrx_word' id='word_1_263' title='bbox 1378 3230 1469 3273; x_wconf 88' lang='lat' dir='ltr'>accu-</span> 
     </span>
     <span class='ocr_line' id='line_1_29' title="bbox 211 3314 1469 3398; baseline -0.007 -11"><span class='ocrx_word' id='word_1_264' title='bbox 211 3325 330 3388; x_wconf 92' lang='lat' dir='ltr'>sandus</span> <span class='ocrx_word' id='word_1_265' title='bbox 366 3329 450 3396; x_wconf 87' lang='lat' dir='ltr'>erat;</span> <span class='ocrx_word' id='word_1_266' title='bbox 486 3317 574 3398; x_wconf 90' lang='lat' dir='ltr'>quod</span> <span class='ocrx_word' id='word_1_267' title='bbox 607 3335 640 3378; x_wconf 89' lang='lat' dir='ltr'>re</span> <span class='ocrx_word' id='word_1_268' title='bbox 674 3336 752 3379; x_wconf 90' lang='lat' dir='ltr'>vera</span> <span class='ocrx_word' id='word_1_269' title='bbox 787 3314 909 3379; x_wconf 87' lang='lat' dir='ltr'>sactum</span> <span class='ocrx_word' id='word_1_270' title='bbox 945 3335 1017 3378; x_wconf 88' lang='lat' dir='ltr'>esse</span> <span class='ocrx_word' id='word_1_271' title='bbox 1055 3314 1223 3379; x_wconf 89' lang='lat' dir='ltr'>luculentis</span> <span class='ocrx_word' id='word_1_272' title='bbox 1254 3314 1360 3380; x_wconf 90' lang='lat' dir='ltr'>verbis</span> <span class='ocrx_word' id='word_1_273' title='bbox 1392 3315 1469 3378; x_wconf 90' lang='lat' dir='ltr'>dicit</span> 
     </span>
     <span class='ocr_line' id='line_1_30' title="bbox 211 3415 1470 3505; baseline -0.006 -13"><span class='ocrx_word' id='word_1_274' title='bbox 211 3427 463 3492; x_wconf 88' lang='lat' dir='ltr'>Demosthenes:</span> <span class='ocrx_word' id='word_1_275' title='bbox 484 3418 562 3488; x_wconf 82' lang='grc' dir='ltr'><strong><em>τὸν.</em></strong></span> <span class='ocrx_word' id='word_1_276' title='bbox 581 3471 587 3484; x_wconf 95' lang='grc'><strong><em>.</em></strong></span> <span class='ocrx_word' id='word_1_277' title='bbox 606 3470 612 3483; x_wconf 91' lang='grc'><strong>.</strong></span> <span class='ocrx_word' id='word_1_278' title='bbox 627 3429 683 3500; x_wconf 81' lang='grc' dir='ltr'>τῆς</span> <span class='ocrx_word' id='word_1_279' title='bbox 704 3417 943 3505; x_wconf 74' lang='grc' dir='ltr'><strong><em>Βραυρώνοθεν</em></strong></span> <span class='ocrx_word' id='word_1_280' title='bbox 966 3415 1085 3503; x_wconf 72' lang='grc' dir='ltr'><strong><em>ἱερείας</em></strong></span> <span class='ocrx_word' id='word_1_281' title='bbox 1101 3421 1229 3505; x_wconf 81' lang='grc' dir='ltr'><strong><em>πατέρα</em></strong></span> <span class='ocrx_word' id='word_1_282' title='bbox 1245 3471 1252 3486; x_wconf 95' lang='grc'><strong>.</strong></span> <span class='ocrx_word' id='word_1_283' title='bbox 1271 3471 1277 3484; x_wconf 94' lang='grc'><strong>.</strong></span> <span class='ocrx_word' id='word_1_284' title='bbox 1294 3471 1299 3484; x_wconf 95' lang='grc'><em>.</em></span> <span class='ocrx_word' id='word_1_285' title='bbox 1316 3417 1470 3503; x_wconf 77' lang='grc' dir='ltr'><strong><em>ἐξέβαλεν</em></strong></span> 
     </span>
     <span class='ocr_line' id='line_1_31' title="bbox 211 3518 796 3622; baseline -0.012 -24"><span class='ocrx_word' id='word_1_286' title='bbox 211 3526 232 3622; x_wconf 80' lang='grc' dir='ltr'>ἡ</span> <span class='ocrx_word' id='word_1_287' title='bbox 253 3532 353 3618; x_wconf 85' lang='grc' dir='ltr'><strong><em>βουλὴ</em></strong></span> <span class='ocrx_word' id='word_1_288' title='bbox 375 3524 394 3618; x_wconf 80' lang='grc' dir='ltr'><em>ἡ</em></span> <span class='ocrx_word' id='word_1_289' title='bbox 417 3524 627 3614; x_wconf 80' lang='grc' dir='ltr'><strong><em>ἑξἈρείου</em></strong></span> <span class='ocrx_word' id='word_1_290' title='bbox 650 3518 796 3610; x_wconf 80' lang='grc' dir='ltr'><strong><em>πάγου.</em></strong></span> 
     </span>
    </p>

    <p class='ocr_par' dir='ltr' id='par_1_4' title="bbox 211 3638 1470 3938">
     <span class='ocr_line' id='line_1_32' title="bbox 298 3638 1466 3728; baseline -0.007 -20"><span class='ocrx_word' id='word_1_291' title='bbox 298 3645 435 3728; x_wconf 92' lang='lat' dir='ltr'>Philippi</span> <span class='ocrx_word' id='word_1_292' title='bbox 463 3644 595 3726; x_wconf 91' lang='lat' dir='ltr'>quidem</span> <span class='ocrx_word' id='word_1_293' title='bbox 624 3642 674 3704; x_wconf 87' lang='lat' dir='ltr'>cui</span> <span class='ocrx_word' id='word_1_294' title='bbox 696 3640 870 3704; x_wconf 89' lang='lat' dir='ltr'>molestum</span> <span class='ocrx_word' id='word_1_295' title='bbox 896 3649 946 3702; x_wconf 91' lang='lat' dir='ltr'>est</span> <span class='ocrx_word' id='word_1_296' title='bbox 966 3638 1030 3703; x_wconf 90' lang='lat' dir='ltr'>hoc</span> <span class='ocrx_word' id='word_1_297' title='bbox 1056 3639 1284 3716; x_wconf 90' lang='lat' dir='ltr'>testimonium,</span> <span class='ocrx_word' id='word_1_298' title='bbox 1314 3639 1466 3722; x_wconf 90' lang='lat' dir='ltr'>quoniam</span> 
     </span>
     <span class='ocr_line' id='line_1_33' title="bbox 211 3743 1469 3840; baseline -0.012 -19"><span class='ocrx_word' id='word_1_299' title='bbox 211 3749 382 3840; x_wconf 83' lang='grc' dir='ltr'><strong><em>βούλευσιν</em></strong></span> <span class='ocrx_word' id='word_1_300' title='bbox 403 3768 534 3814; x_wconf 90' lang='lat' dir='ltr'>omnem</span> <span class='ocrx_word' id='word_1_301' title='bbox 556 3746 698 3811; x_wconf 88' lang='lat' dir='ltr'>Palladio</span> <span class='ocrx_word' id='word_1_302' title='bbox 720 3745 830 3810; x_wconf 91' lang='lat' dir='ltr'>tribuit</span> <span class='ocrx_word' id='word_1_303' title='bbox 852 3779 892 3794; x_wconf 89' lang='lat'><em>-</em></span> <span class='ocrx_word' id='word_1_304' title='bbox 914 3743 1051 3828; x_wconf 88' lang='lat' dir='ltr'>Philippi</span> <span class='ocrx_word' id='word_1_305' title='bbox 1070 3765 1130 3808; x_wconf 90' lang='lat' dir='ltr'>nos</span> <span class='ocrx_word' id='word_1_306' title='bbox 1151 3745 1248 3808; x_wconf 89' lang='lat' dir='ltr'>docet</span> <span class='ocrx_word' id='word_1_307' title='bbox 1261 3744 1364 3807; x_wconf 91' lang='lat' dir='ltr'>virum</span> <span class='ocrx_word' id='word_1_308' title='bbox 1379 3743 1469 3807; x_wconf 89' lang='lat' dir='ltr'>illum</span> 
     </span>
     <span class='ocr_line' id='line_1_34' title="bbox 212 3849 1470 3938; baseline -0.009 -15"><span class='ocrx_word' id='word_1_309' title='bbox 212 3881 254 3924; x_wconf 88' lang='lat' dir='ltr'>ex</span> <span class='ocrx_word' id='word_1_310' title='bbox 277 3856 550 3938; x_wconf 84' lang='lat' dir='ltr'>Areopagitarum</span> <span class='ocrx_word' id='word_1_311' title='bbox 574 3851 713 3934; x_wconf 82' lang='lat' dir='ltr'>collegio</span> <span class='ocrx_word' id='word_1_312' title='bbox 734 3871 806 3914; x_wconf 88' lang='lat' dir='ltr'>esse</span> <span class='ocrx_word' id='word_1_313' title='bbox 828 3851 1050 3934; x_wconf 82' lang='lat' dir='ltr'>eiectum²);</span> <span class='ocrx_word' id='word_1_314' title='bbox 1078 3869 1142 3913; x_wconf 91' lang='lat' dir='ltr'>non</span> <span class='ocrx_word' id='word_1_315' title='bbox 1164 3849 1377 3931; x_wconf 85' lang='lat' dir='ltr'>intellegenda</span> <span class='ocrx_word' id='word_1_316' title='bbox 1398 3867 1470 3913; x_wconf 89' lang='lat' dir='ltr'>esse</span> 
     </span>
    </p>
   </div>
   <div class='ocr_carea' id='block_1_3' title="bbox 194 4033 1469 4201">
    <p class='ocr_par' dir='ltr' id='par_1_5' title="bbox 194 4033 1469 4201">
     <span class='ocr_line' id='line_1_35' title="bbox 299 4033 1468 4119; baseline -0.009 -20"><span class='ocrx_word' id='word_1_317' title='bbox 299 4048 320 4113; x_wconf 88' lang='lat'>¹)</span> <span class='ocrx_word' id='word_1_318' title='bbox 339 4048 390 4099; x_wconf 90' lang='lat' dir='ltr'>Od.</span> <span class='ocrx_word' id='word_1_319' title='bbox 410 4067 442 4119; x_wconf 88' lang='grc' dir='ltr'>μ.</span> <span class='ocrx_word' id='word_1_320' title='bbox 462 4057 527 4110; x_wconf 82' lang='lat'>342:</span> <span class='ocrx_word' id='word_1_321' title='bbox 548 4038 652 4101; x_wconf 78' lang='grc' dir='ltr'><strong><em>πάντες</em></strong></span> <span class='ocrx_word' id='word_1_322' title='bbox 668 4041 723 4112; x_wconf 71' lang='grc' dir='ltr'><strong><em>μὲν</em></strong></span> <span class='ocrx_word' id='word_1_323' title='bbox 741 4041 872 4110; x_wconf 68' lang='grc' dir='ltr'><strong><em>στυγεροὶ</em></strong></span> <span class='ocrx_word' id='word_1_324' title='bbox 890 4033 1011 4094; x_wconf 73' lang='grc' dir='ltr'><strong><em>θάνατοι</em></strong></span> <span class='ocrx_word' id='word_1_325' title='bbox 1028 4040 1144 4094; x_wconf 78' lang='grc' dir='ltr'><strong><em>δειλοῖσι</em></strong></span> <span class='ocrx_word' id='word_1_326' title='bbox 1156 4042 1300 4110; x_wconf 78' lang='grc' dir='ltr'><strong><em>βροτοῖσιν</em></strong></span> <span class='ocrx_word' id='word_1_327' title='bbox 1315 4033 1319 4104; x_wconf 85' lang='grc' dir='ltr'>Ι</span> <span class='ocrx_word' id='word_1_328' title='bbox 1336 4039 1425 4107; x_wconf 81' lang='grc' dir='ltr'><strong><em>λιμῷ</em></strong></span> <span class='ocrx_word' id='word_1_329' title='bbox 1443 4035 1468 4092; x_wconf 83' lang='lat' dir='ltr'>d&#39;</span> 
     </span>
     <span class='ocr_line' id='line_1_36' title="bbox 194 4119 1469 4201; baseline -0.013 -7"><span class='ocrx_word' id='word_1_330' title='bbox 194 4142 354 4194; x_wconf 74' lang='grc' dir='ltr'><strong><em>,οἴκτιστον</em></strong></span> <span class='ocrx_word' id='word_1_331' title='bbox 377 4137 490 4188; x_wconf 72' lang='grc' dir='ltr'><strong><em>θανέειν</em></strong></span> <span class='ocrx_word' id='word_1_332' title='bbox 512 4135 559 4186; x_wconf 81' lang='grc' dir='ltr'>καὶ</span> <span class='ocrx_word' id='word_1_333' title='bbox 585 4127 696 4201; x_wconf 80' lang='grc' dir='ltr'><strong><em>πότμον</em></strong></span> <span class='ocrx_word' id='word_1_334' title='bbox 714 4130 853 4182; x_wconf 71' lang='grc' dir='ltr'><strong><em>ἐπισπεῖν.</em></strong></span> <span class='ocrx_word' id='word_1_335' title='bbox 890 4128 1096 4194; x_wconf 81' lang='lat' dir='ltr'>Thuc.11159:</span> <span class='ocrx_word' id='word_1_336' title='bbox 1124 4123 1259 4198; x_wconf 74' lang='grc' dir='ltr'><strong><em>είλόμεθα</em></strong></span> <span class='ocrx_word' id='word_1_337' title='bbox 1279 4121 1335 4197; x_wconf 77' lang='grc' dir='ltr'>γὰρ</span> <span class='ocrx_word' id='word_1_338' title='bbox 1357 4119 1393 4177; x_wconf 75' lang='grc' dir='ltr'><strong><em>ἃν</em></strong></span> <span class='ocrx_word' id='word_1_339' title='bbox 1413 4121 1469 4198; x_wconf 81' lang='grc' dir='ltr'>πρό</span> 
     </span>
    </p>
   </div>
   <div class='ocr_carea' id='block_1_4' title="bbox 211 4217 1471 4380">
    <p class='ocr_par' dir='ltr' id='par_1_6' title="bbox 211 4217 1471 4380">
     <span class='ocr_line' id='line_1_37' title="bbox 211 4217 978 4294; baseline -0.016 -15"><span class='ocrx_word' id='word_1_340' title='bbox 211 4241 244 4294; x_wconf 85' lang='grc' dir='ltr'>γε</span> <span class='ocrx_word' id='word_1_341' title='bbox 264 4221 366 4278; x_wconf 76' lang='grc' dir='ltr'><strong><em>τούτου</em></strong></span> <span class='ocrx_word' id='word_1_342' title='bbox 385 4225 422 4293; x_wconf 81' lang='grc' dir='ltr'>τῷ</span> <span class='ocrx_word' id='word_1_343' title='bbox 440 4226 576 4291; x_wconf 71' lang='grc' dir='ltr'><strong><em>αἰσχίστῳ</em></strong></span> <span class='ocrx_word' id='word_1_344' title='bbox 594 4217 702 4290; x_wconf 73' lang='grc' dir='ltr'><strong><em>ὀλέθρῳ</em></strong></span> <span class='ocrx_word' id='word_1_345' title='bbox 720 4219 791 4288; x_wconf 80' lang='grc' dir='ltr'><strong><em>λιμῷ</em></strong></span> <span class='ocrx_word' id='word_1_346' title='bbox 808 4219 978 4282; x_wconf 75' lang='grc' dir='ltr'><strong><em>τελευτῆσαι.</em></strong></span> 
     </span>
     <span class='ocr_line' id='line_1_38' title="bbox 297 4302 1471 4380; baseline -0.009 -15"><span class='ocrx_word' id='word_1_347' title='bbox 297 4315 318 4380; x_wconf 89' lang='lat'>²)</span> <span class='ocrx_word' id='word_1_348' title='bbox 337 4317 432 4380; x_wconf 86' lang='lat' dir='ltr'>Areop.</span> <span class='ocrx_word' id='word_1_349' title='bbox 453 4329 478 4363; x_wconf 90' lang='lat' dir='ltr'>u.</span> <span class='ocrx_word' id='word_1_350' title='bbox 500 4311 568 4377; x_wconf 88' lang='lat' dir='ltr'>Eph.</span> <span class='ocrx_word' id='word_1_351' title='bbox 585 4321 628 4374; x_wconf 83' lang='lat'>47.</span> <span class='ocrx_word' id='word_1_352' title='bbox 666 4302 807 4374; x_wconf 69' lang='grc' dir='ltr'><strong><em>ἐκβάλλειν</em></strong></span> <span class='ocrx_word' id='word_1_353' title='bbox 830 4307 869 4356; x_wconf 88' lang='lat' dir='ltr'>de</span> <span class='ocrx_word' id='word_1_354' title='bbox 893 4306 1060 4357; x_wconf 87' lang='lat' dir='ltr'>iudicibus</span> <span class='ocrx_word' id='word_1_355' title='bbox 1083 4321 1193 4371; x_wconf 83' lang='lat' dir='ltr'>poenam</span> <span class='ocrx_word' id='word_1_356' title='bbox 1211 4303 1277 4354; x_wconf 81' lang='lat' dir='ltr'>exilii</span> <span class='ocrx_word' id='word_1_357' title='bbox 1301 4303 1471 4355; x_wconf 77' lang='lat' dir='ltr'>statuentibus</span> 
     </span>
    </p>
   </div>
   <div class='ocr_carea' id='block_1_5' title="bbox 0 0 1684 4994">
    <p class='ocr_par' dir='ltr' id='par_1_7' title="bbox 0 0 1684 4994">
     <span class='ocr_line' id='line_1_39' title="bbox 0 0 1684 4994; baseline 0 0"><span class='ocrx_word' id='word_1_358' title='bbox 0 0 1684 4994; x_wconf 95' lang='lat' dir='ltr'> </span> 
     </span>
    </p>
   </div>
  </div>
 </body>
</html>
