<?xml version="1.0" encoding="UTF-8"?>
<!DOCTYPE html PUBLIC "-//W3C//DTD XHTML 1.0 Transitional//EN"
    "http://www.w3.org/TR/xhtml1/DTD/xhtml1-transitional.dtd">
<html xmlns="http://www.w3.org/1999/xhtml" xml:lang="en" lang="en">
 <head>
  <title>
</title>
<meta http-equiv="Content-Type" content="text/html;charset=utf-8" />
  <meta name='ocr-system' content='tesseract 3.04.00' />
  <meta name='ocr-capabilities' content='ocr_page ocr_carea ocr_par ocr_line ocrx_word'/>
</head>
<body>
  <div class='ocr_page' id='page_1' title='image "./decriminevouleu00passgoog_0032.png"; bbox 0 0 3352 4994; ppageno 0'>
   <div class='ocr_carea' id='block_1_1' title="bbox 735 323 946 388">
    <p class='ocr_par' dir='ltr' id='par_1_1' title="bbox 735 323 946 388">
     <span class='ocr_line' id='line_1_1' title="bbox 735 323 946 388; baseline 0 -34"><span class='ocrx_word' id='word_1_1' title='bbox 735 323 946 388; x_wconf 60' lang='lat'>..25-</span> 
     </span>
    </p>
   </div>
   <div class='ocr_carea' id='block_1_2' title="bbox 210 476 1479 3721">
    <p class='ocr_par' dir='ltr' id='par_1_2' title="bbox 211 476 1468 664">
     <span class='ocr_line' id='line_1_2' title="bbox 211 476 1468 560; baseline 0.002 -20"><span class='ocrx_word' id='word_1_2' title='bbox 211 476 286 558; x_wconf 87' lang='lat' dir='ltr'>lege</span> <span class='ocrx_word' id='word_1_3' title='bbox 323 476 562 560; x_wconf 82' lang='lat' dir='ltr'>Areopagitica,</span> <span class='ocrx_word' id='word_1_4' title='bbox 599 497 674 542; x_wconf 86' lang='lat' dir='ltr'>narn</span> <span class='ocrx_word' id='word_1_5' title='bbox 700 477 742 540; x_wconf 94' lang='lat' dir='ltr'>ibi</span> <span class='ocrx_word' id='word_1_6' title='bbox 772 477 888 542; x_wconf 88' lang='lat' dir='ltr'>caedes</span> <span class='ocrx_word' id='word_1_7' title='bbox 916 487 1040 542; x_wconf 87' lang='lat' dir='ltr'>tantum</span> <span class='ocrx_word' id='word_1_8' title='bbox 1077 487 1303 543; x_wconf 85' lang='lat' dir='ltr'>enumerantur</span> <span class='ocrx_word' id='word_1_9' title='bbox 1337 481 1468 543; x_wconf 89' lang='lat' dir='ltr'>diversis</span> 
     </span>
     <span class='ocr_line' id='line_1_3' title="bbox 214 570 518 664; baseline 0 -18"><span class='ocrx_word' id='word_1_10' title='bbox 214 581 320 646; x_wconf 90' lang='lat' dir='ltr'>modis</span> <span class='ocrx_word' id='word_1_11' title='bbox 345 591 476 664; x_wconf 89' lang='lat' dir='ltr'>paratae</span> <span class='ocrx_word' id='word_1_12' title='bbox 485 570 518 662; x_wconf 74' lang='grc'>1)’.</span> 
     </span>
    </p>

    <p class='ocr_par' dir='ltr' id='par_1_3' title="bbox 210 687 1473 1724">
     <span class='ocr_line' id='line_1_4' title="bbox 300 687 1469 777; baseline 0.003 -27"><span class='ocrx_word' id='word_1_13' title='bbox 300 687 436 752; x_wconf 91' lang='lat' dir='ltr'>Venena</span> <span class='ocrx_word' id='word_1_14' title='bbox 462 698 638 770; x_wconf 91' lang='lat' dir='ltr'>sequuntur</span> <span class='ocrx_word' id='word_1_15' title='bbox 666 689 865 767; x_wconf 90' lang='lat' dir='ltr'>incendium;</span> <span class='ocrx_word' id='word_1_16' title='bbox 897 709 940 752; x_wconf 87' lang='lat' dir='ltr'>ex</span> <span class='ocrx_word' id='word_1_17' title='bbox 968 691 1079 758; x_wconf 83' lang='lat' dir='ltr'>ordine</span> <span class='ocrx_word' id='word_1_18' title='bbox 1100 713 1152 758; x_wconf 91' lang='lat' dir='ltr'>res</span> <span class='ocrx_word' id='word_1_19' title='bbox 1174 691 1385 777; x_wconf 82' lang='lat' dir='ltr'>progreditur,</span> <span class='ocrx_word' id='word_1_20' title='bbox 1416 711 1469 753; x_wconf 87' lang='lat' dir='ltr'>ex·</span> 
     </span>
     <span class='ocr_line' id='line_1_5' title="bbox 210 791 1469 878; baseline 0.002 -24"><span class='ocrx_word' id='word_1_21' title='bbox 210 791 306 856; x_wconf 92' lang='lat' dir='ltr'>cultis</span> <span class='ocrx_word' id='word_1_22' title='bbox 335 793 398 856; x_wconf 90' lang='lat' dir='ltr'>iam</span> <span class='ocrx_word' id='word_1_23' title='bbox 428 793 549 858; x_wconf 90' lang='lat' dir='ltr'>artibus</span> <span class='ocrx_word' id='word_1_24' title='bbox 578 792 750 858; x_wconf 89' lang='lat' dir='ltr'>herbarum</span> <span class='ocrx_word' id='word_1_25' title='bbox 778 794 898 858; x_wconf 89' lang='lat' dir='ltr'>viribus</span> <span class='ocrx_word' id='word_1_26' title='bbox 926 806 960 860; x_wconf 90' lang='lat' dir='ltr'>et</span> <span class='ocrx_word' id='word_1_27' title='bbox 987 796 1080 862; x_wconf 91' lang='lat' dir='ltr'>bonis</span> <span class='ocrx_word' id='word_1_28' title='bbox 1105 809 1138 862; x_wconf 93' lang='lat' dir='ltr'>et</span> <span class='ocrx_word' id='word_1_29' title='bbox 1168 799 1312 862; x_wconf 91' lang='lat' dir='ltr'>tristibus</span> <span class='ocrx_word' id='word_1_30' title='bbox 1334 793 1469 878; x_wconf 88' lang='lat' dir='ltr'>cognitis</span> 
     </span>
     <span class='ocr_line' id='line_1_6' title="bbox 214 898 1470 987; baseline 0 -25"><span class='ocrx_word' id='word_1_31' title='bbox 214 917 318 962; x_wconf 90' lang='lat' dir='ltr'>novae</span> <span class='ocrx_word' id='word_1_32' title='bbox 350 918 385 960; x_wconf 93' lang='lat' dir='ltr'>se</span> <span class='ocrx_word' id='word_1_33' title='bbox 414 918 568 980; x_wconf 87' lang='lat' dir='ltr'>aperuere</span> <span class='ocrx_word' id='word_1_34' title='bbox 596 898 734 962; x_wconf 92' lang='lat' dir='ltr'>scelesto</span> <span class='ocrx_word' id='word_1_35' title='bbox 764 898 892 980; x_wconf 89' lang='lat' dir='ltr'>ingenio</span> <span class='ocrx_word' id='word_1_36' title='bbox 921 902 1006 966; x_wconf 91' lang='lat' dir='ltr'>viae:</span> <span class='ocrx_word' id='word_1_37' title='bbox 1034 923 1139 987; x_wconf 92' lang='lat' dir='ltr'>neque</span> <span class='ocrx_word' id='word_1_38' title='bbox 1168 904 1266 968; x_wconf 80' lang='lat' dir='ltr'>armis</span> <span class='ocrx_word' id='word_1_39' title='bbox 1295 905 1358 966; x_wconf 87' lang='lat' dir='ltr'>iarn</span> <span class='ocrx_word' id='word_1_40' title='bbox 1388 920 1470 982; x_wconf 92' lang='lat' dir='ltr'>opus</span> 
     </span>
     <span class='ocr_line' id='line_1_7' title="bbox 211 1001 1470 1088; baseline 0.002 -24"><span class='ocrx_word' id='word_1_41' title='bbox 211 1011 283 1065; x_wconf 89' lang='lat' dir='ltr'>erat</span> <span class='ocrx_word' id='word_1_42' title='bbox 310 1022 414 1082; x_wconf 93' lang='lat' dir='ltr'>neque</span> <span class='ocrx_word' id='word_1_43' title='bbox 444 1001 581 1067; x_wconf 88' lang='lat' dir='ltr'>flammis</span> <span class='ocrx_word' id='word_1_44' title='bbox 610 1004 750 1085; x_wconf 90' lang='lat' dir='ltr'>undique</span> <span class='ocrx_word' id='word_1_45' title='bbox 779 1006 982 1088; x_wconf 90' lang='lat' dir='ltr'>conspicuis:</span> <span class='ocrx_word' id='word_1_46' title='bbox 1000 1010 1156 1072; x_wconf 90' lang='lat' dir='ltr'>taciturna</span> <span class='ocrx_word' id='word_1_47' title='bbox 1183 1009 1231 1070; x_wconf 92' lang='lat' dir='ltr'>vis</span> <span class='ocrx_word' id='word_1_48' title='bbox 1254 1008 1368 1070; x_wconf 91' lang='lat' dir='ltr'>veneni</span> <span class='ocrx_word' id='word_1_49' title='bbox 1388 1005 1470 1068; x_wconf 90' lang='lat' dir='ltr'>clan-</span> 
     </span>
     <span class='ocr_line' id='line_1_8' title="bbox 212 1108 1471 1194; baseline 0 -22"><span class='ocrx_word' id='word_1_50' title='bbox 212 1108 373 1172; x_wconf 88' lang='lat' dir='ltr'>destinum</span> <span class='ocrx_word' id='word_1_51' title='bbox 403 1109 529 1190; x_wconf 85' lang='lat' dir='ltr'>corpori</span> <span class='ocrx_word' id='word_1_52' title='bbox 558 1109 663 1172; x_wconf 90' lang='lat' dir='ltr'>iniecit</span> <span class='ocrx_word' id='word_1_53' title='bbox 692 1110 880 1188; x_wconf 88' lang='lat' dir='ltr'>incendium,</span> <span class='ocrx_word' id='word_1_54' title='bbox 911 1131 929 1175; x_wconf 91' lang='lat' dir='ltr'>e</span> <span class='ocrx_word' id='word_1_55' title='bbox 961 1133 1026 1194; x_wconf 93' lang='lat' dir='ltr'>quo</span> <span class='ocrx_word' id='word_1_56' title='bbox 1048 1123 1104 1177; x_wconf 88' lang='lat' dir='ltr'>aut</span> <span class='ocrx_word' id='word_1_57' title='bbox 1125 1114 1234 1177; x_wconf 89' lang='lat' dir='ltr'>statim</span> <span class='ocrx_word' id='word_1_58' title='bbox 1255 1113 1396 1175; x_wconf 88' lang='lat' dir='ltr'>interiret</span> <span class='ocrx_word' id='word_1_59' title='bbox 1416 1119 1471 1172; x_wconf 92' lang='lat' dir='ltr'>aut</span> 
     </span>
     <span class='ocr_line' id='line_1_9' title="bbox 213 1213 1470 1297; baseline 0 -21"><span class='ocrx_word' id='word_1_60' title='bbox 213 1223 290 1296; x_wconf 89' lang='lat' dir='ltr'>post</span> <span class='ocrx_word' id='word_1_61' title='bbox 317 1213 499 1278; x_wconf 90' lang='lat' dir='ltr'>diuturnum</span> <span class='ocrx_word' id='word_1_62' title='bbox 528 1215 660 1278; x_wconf 91' lang='lat' dir='ltr'>demum</span> <span class='ocrx_word' id='word_1_63' title='bbox 688 1214 848 1279; x_wconf 87' lang='lat' dir='ltr'>morbum.</span> <span class='ocrx_word' id='word_1_64' title='bbox 877 1253 920 1264; x_wconf 89' lang='lat'>—</span> <span class='ocrx_word' id='word_1_65' title='bbox 949 1217 1003 1282; x_wconf 90' lang='lat' dir='ltr'>Sic</span> <span class='ocrx_word' id='word_1_66' title='bbox 1029 1219 1160 1282; x_wconf 90' lang='lat' dir='ltr'>crimina</span> <span class='ocrx_word' id='word_1_67' title='bbox 1190 1239 1224 1280; x_wconf 91' lang='lat' dir='ltr'>se</span> <span class='ocrx_word' id='word_1_68' title='bbox 1250 1223 1470 1297; x_wconf 88' lang='lat' dir='ltr'>exceperunt:</span> 
     </span>
     <span class='ocr_line' id='line_1_10' title="bbox 213 1319 1472 1406; baseline -0.001 -24"><span class='ocrx_word' id='word_1_69' title='bbox 213 1339 304 1382; x_wconf 87' lang='lat' dir='ltr'>arma</span> <span class='ocrx_word' id='word_1_70' title='bbox 335 1339 460 1383; x_wconf 86' lang='lat' dir='ltr'>cessere</span> <span class='ocrx_word' id='word_1_71' title='bbox 494 1319 625 1398; x_wconf 86' lang='lat' dir='ltr'>artibus,</span> <span class='ocrx_word' id='word_1_72' title='bbox 662 1321 795 1384; x_wconf 87' lang='lat' dir='ltr'>audacia</span> <span class='ocrx_word' id='word_1_73' title='bbox 828 1323 974 1403; x_wconf 88' lang='lat' dir='ltr'>ignaviae</span> <span class='ocrx_word' id='word_1_74' title='bbox 1006 1335 1103 1406; x_wconf 89' lang='lat' dir='ltr'>atque</span> <span class='ocrx_word' id='word_1_75' title='bbox 1136 1323 1269 1398; x_wconf 90' lang='lat' dir='ltr'>insidiis;</span> <span class='ocrx_word' id='word_1_76' title='bbox 1300 1320 1472 1383; x_wconf 91' lang='lat' dir='ltr'>subsecuta</span> 
     </span>
     <span class='ocr_line' id='line_1_11' title="bbox 213 1425 1473 1512; baseline 0 -26"><span class='ocrx_word' id='word_1_77' title='bbox 213 1433 322 1486; x_wconf 88' lang='lat' dir='ltr'>autem</span> <span class='ocrx_word' id='word_1_78' title='bbox 348 1433 398 1486; x_wconf 89' lang='lat' dir='ltr'>est</span> <span class='ocrx_word' id='word_1_79' title='bbox 427 1426 536 1487; x_wconf 91' lang='lat' dir='ltr'>statim</span> <span class='ocrx_word' id='word_1_80' title='bbox 562 1426 681 1489; x_wconf 87' lang='lat' dir='ltr'>vindex</span> <span class='ocrx_word' id='word_1_81' title='bbox 703 1426 829 1502; x_wconf 85' lang='lat' dir='ltr'>iustitia,</span> <span class='ocrx_word' id='word_1_82' title='bbox 851 1427 940 1490; x_wconf 92' lang='lat' dir='ltr'>cuius</span> <span class='ocrx_word' id='word_1_83' title='bbox 962 1430 1096 1512; x_wconf 88' lang='lat' dir='ltr'>vestigia</span> <span class='ocrx_word' id='word_1_84' title='bbox 1117 1449 1181 1492; x_wconf 92' lang='lat' dir='ltr'>non</span> <span class='ocrx_word' id='word_1_85' title='bbox 1201 1425 1394 1490; x_wconf 92' lang='lat' dir='ltr'>delituerunt</span> <span class='ocrx_word' id='word_1_86' title='bbox 1415 1425 1473 1487; x_wconf 90' lang='lat' dir='ltr'>sed</span> 
     </span>
     <span class='ocr_line' id='line_1_12' title="bbox 214 1528 1472 1616; baseline 0.001 -25"><span class='ocrx_word' id='word_1_87' title='bbox 214 1538 325 1610; x_wconf 90' lang='lat' dir='ltr'>aperte</span> <span class='ocrx_word' id='word_1_88' title='bbox 355 1528 447 1593; x_wconf 91' lang='lat' dir='ltr'>nobis</span> <span class='ocrx_word' id='word_1_89' title='bbox 473 1541 601 1594; x_wconf 90' lang='lat' dir='ltr'>servata</span> <span class='ocrx_word' id='word_1_90' title='bbox 630 1540 704 1594; x_wconf 92' lang='lat' dir='ltr'>sunt</span> <span class='ocrx_word' id='word_1_91' title='bbox 732 1531 763 1594; x_wconf 92' lang='lat' dir='ltr'>in</span> <span class='ocrx_word' id='word_1_92' title='bbox 793 1530 865 1613; x_wconf 89' lang='lat' dir='ltr'>lege</span> <span class='ocrx_word' id='word_1_93' title='bbox 894 1531 948 1596; x_wconf 90' lang='lat' dir='ltr'>illa</span> <span class='ocrx_word' id='word_1_94' title='bbox 970 1533 1200 1616; x_wconf 82' lang='lat' dir='ltr'>Areopagitica</span> <span class='ocrx_word' id='word_1_95' title='bbox 1222 1551 1320 1615; x_wconf 92' lang='lat' dir='ltr'>quam</span> <span class='ocrx_word' id='word_1_96' title='bbox 1342 1530 1472 1613; x_wconf 90' lang='lat' dir='ltr'>plenam</span> 
     </span>
     <span class='ocr_line' id='line_1_13' title="bbox 215 1632 1119 1724; baseline 0.002 -26"><span class='ocrx_word' id='word_1_97' title='bbox 215 1634 315 1698; x_wconf 90' lang='lat' dir='ltr'>habes</span> <span class='ocrx_word' id='word_1_98' title='bbox 338 1634 420 1698; x_wconf 92' lang='lat' dir='ltr'>hanc</span> <span class='ocrx_word' id='word_1_99' title='bbox 440 1635 547 1716; x_wconf 91' lang='lat' dir='ltr'>(Dem.</span> <span class='ocrx_word' id='word_1_100' title='bbox 572 1652 621 1716; x_wconf 87' lang='lat'>23,</span> <span class='ocrx_word' id='word_1_101' title='bbox 645 1636 697 1717; x_wconf 86' lang='lat'>24)</span> <span class='ocrx_word' id='word_1_102' title='bbox 718 1633 796 1721; x_wconf 75' lang='lat' dir='ltr'>:cip</span> <span class='ocrx_word' id='word_1_103' title='bbox 816 1632 936 1724; x_wconf 73' lang='grc' dir='ltr'><strong><em>βουλὴν</em></strong></span> <span class='ocrx_word' id='word_1_104' title='bbox 958 1634 1119 1719; x_wconf 56' lang='lat' dir='ltr'>discitum:</span> 
     </span>
    </p>

    <p class='ocr_par' dir='ltr' id='par_1_4' title="bbox 217 1734 1475 2438">
     <span class='ocr_line' id='line_1_14' title="bbox 482 1734 1302 1828; baseline -0.001 -22"><span class='ocrx_word' id='word_1_105' title='bbox 482 1734 607 1826; x_wconf 69' lang='grc' dir='ltr'>Χφόνου</span> <span class='ocrx_word' id='word_1_106' title='bbox 629 1736 857 1807; x_wconf 76' lang='grc' dir='ltr'><strong><em>ἑκουσίουκαὶ</em></strong></span> <span class='ocrx_word' id='word_1_107' title='bbox 880 1737 1063 1826; x_wconf 80' lang='grc' dir='ltr'><strong><em>τραύματος</em></strong></span> <span class='ocrx_word' id='word_1_108' title='bbox 1086 1741 1121 1806; x_wconf 80' lang='grc' dir='ltr'>ἐκ</span> <span class='ocrx_word' id='word_1_109' title='bbox 1143 1740 1302 1828; x_wconf 82' lang='grc' dir='ltr'><strong><em>προνοίας</em></strong></span> 
     </span>
     <span class='ocr_line' id='line_1_15' title="bbox 425 1844 670 1930; baseline 0.004 -21"><span class='ocrx_word' id='word_1_110' title='bbox 425 1844 464 1884; x_wconf 69' lang='lat'>”⁰¹³</span> <span class='ocrx_word' id='word_1_111' title='bbox 479 1861 490 1888; x_wconf 82' lang='lat'>²</span> <span class='ocrx_word' id='word_1_112' title='bbox 504 1847 670 1930; x_wconf 83' lang='grc' dir='ltr'><strong><em>πυρκαϊᾶς</em></strong></span> 
     </span>
     <span class='ocr_line' id='line_1_16' title="bbox 424 1945 1148 2041; baseline 0 -25"><span class='ocrx_word' id='word_1_113' title='bbox 424 1949 463 1990; x_wconf 68' lang='lat'>”⁸²</span> <span class='ocrx_word' id='word_1_114' title='bbox 478 1967 490 2004; x_wconf 79' lang='lat'><em>³</em></span> <span class='ocrx_word' id='word_1_115' title='bbox 505 1947 687 2038; x_wconf 81' lang='grc' dir='ltr'><em>φαρμάκων</em></span> <span class='ocrx_word' id='word_1_116' title='bbox 710 1945 767 2016; x_wconf 83' lang='grc' dir='ltr'><strong><em>ὲοίν</em></strong></span> <span class='ocrx_word' id='word_1_117' title='bbox 786 1964 839 2030; x_wconf 79' lang='grc' dir='ltr'>’τις</span> <span class='ocrx_word' id='word_1_118' title='bbox 861 1945 1043 2041; x_wconf 75' lang='grc' dir='ltr'><strong><em>ἀποκτείνῃ</em></strong></span> <span class='ocrx_word' id='word_1_119' title='bbox 1064 1946 1148 2032; x_wconf 79' lang='grc' dir='ltr'><strong><em>δούς.</em></strong></span> 
     </span>
     <span class='ocr_line' id='line_1_17' title="bbox 218 2055 1474 2140; baseline -0.002 -20"><span class='ocrx_word' id='word_1_120' title='bbox 218 2055 320 2120; x_wconf 92' lang='lat' dir='ltr'>Vides</span> <span class='ocrx_word' id='word_1_121' title='bbox 358 2057 454 2138; x_wconf 91' lang='lat' dir='ltr'>igitur</span> <span class='ocrx_word' id='word_1_122' title='bbox 495 2077 529 2120; x_wconf 94' lang='lat' dir='ltr'>re</span> <span class='ocrx_word' id='word_1_123' title='bbox 558 2077 634 2120; x_wconf 90' lang='lat' dir='ltr'>vera</span> <span class='ocrx_word' id='word_1_124' title='bbox 670 2077 735 2119; x_wconf 93' lang='lat' dir='ltr'>non</span> <span class='ocrx_word' id='word_1_125' title='bbox 772 2057 833 2120; x_wconf 91' lang='lat' dir='ltr'>sub</span> <span class='ocrx_word' id='word_1_126' title='bbox 869 2078 932 2120; x_wconf 95' lang='lat' dir='ltr'>uno</span> <span class='ocrx_word' id='word_1_127' title='bbox 963 2059 1091 2121; x_wconf 91' lang='lat' dir='ltr'>nomine</span> <span class='ocrx_word' id='word_1_128' title='bbox 1126 2057 1376 2140; x_wconf 90' lang='lat' dir='ltr'>comprehensas</span> <span class='ocrx_word' id='word_1_129' title='bbox 1404 2074 1474 2118; x_wconf 91' lang='lat' dir='ltr'>esse</span> 
     </span>
     <span class='ocr_line' id='line_1_18' title="bbox 217 2159 1474 2243; baseline -0.001 -21"><span class='ocrx_word' id='word_1_130' title='bbox 217 2159 467 2224; x_wconf 88' lang='lat' dir='ltr'>Atheniensibus</span> <span class='ocrx_word' id='word_1_131' title='bbox 497 2162 639 2226; x_wconf 88' lang='lat' dir='ltr'>diversas</span> <span class='ocrx_word' id='word_1_132' title='bbox 668 2163 814 2226; x_wconf 90' lang='lat' dir='ltr'>caedium</span> <span class='ocrx_word' id='word_1_133' title='bbox 843 2163 982 2226; x_wconf 90' lang='lat' dir='ltr'>rationes</span> <span class='ocrx_word' id='word_1_134' title='bbox 1011 2165 1069 2227; x_wconf 91' lang='lat' dir='ltr'>sed</span> <span class='ocrx_word' id='word_1_135' title='bbox 1091 2184 1183 2227; x_wconf 91' lang='lat' dir='ltr'>suam</span> <span class='ocrx_word' id='word_1_136' title='bbox 1206 2162 1380 2226; x_wconf 91' lang='lat' dir='ltr'>obtinuisse</span> <span class='ocrx_word' id='word_1_137' title='bbox 1403 2180 1474 2243; x_wconf 93' lang='lat' dir='ltr'>pro·</span> 
     </span>
     <span class='ocr_line' id='line_1_19' title="bbox 217 2265 1475 2350; baseline 0.001 -23"><span class='ocrx_word' id='word_1_138' title='bbox 217 2265 317 2346; x_wconf 90' lang='lat' dir='ltr'>priam</span> <span class='ocrx_word' id='word_1_139' title='bbox 347 2267 508 2330; x_wconf 88' lang='lat' dir='ltr'>actionem</span> <span class='ocrx_word' id='word_1_140' title='bbox 537 2268 790 2349; x_wconf 90' lang='lat' dir='ltr'>unumquodque</span> <span class='ocrx_word' id='word_1_141' title='bbox 826 2287 936 2346; x_wconf 84' lang='lat' dir='ltr'>genus,</span> <span class='ocrx_word' id='word_1_142' title='bbox 975 2269 1043 2332; x_wconf 92' lang='lat' dir='ltr'>sive</span> <span class='ocrx_word' id='word_1_143' title='bbox 1074 2288 1171 2332; x_wconf 90' lang='lat' dir='ltr'>manu</span> <span class='ocrx_word' id='word_1_144' title='bbox 1204 2277 1371 2350; x_wconf 89' lang='lat' dir='ltr'>peractum</span> <span class='ocrx_word' id='word_1_145' title='bbox 1406 2274 1475 2328; x_wconf 92' lang='lat' dir='ltr'>erat</span> 
     </span>
     <span class='ocr_line' id='line_1_20' title="bbox 220 2357 721 2438; baseline 0.014 -7"><span class='ocrx_word' id='word_1_146' title='bbox 220 2370 283 2433; x_wconf 92' lang='lat' dir='ltr'>sive</span> <span class='ocrx_word' id='word_1_147' title='bbox 307 2369 445 2435; x_wconf 90' lang='lat' dir='ltr'>flammis</span> <span class='ocrx_word' id='word_1_148' title='bbox 467 2373 533 2436; x_wconf 91' lang='lat' dir='ltr'>sive</span> <span class='ocrx_word' id='word_1_149' title='bbox 555 2393 688 2438; x_wconf 89' lang='lat' dir='ltr'>veneno.</span> <span class='ocrx_word' id='word_1_150' title='bbox 718 2357 721 2360; x_wconf 33' lang='lat'>¹</span> 
     </span>
    </p>

    <p class='ocr_par' dir='ltr' id='par_1_5' title="bbox 218 2475 1479 3721">
     <span class='ocr_line' id='line_1_21' title="bbox 303 2475 1475 2562; baseline -0.003 -21"><span class='ocrx_word' id='word_1_151' title='bbox 303 2475 498 2559; x_wconf 86' lang='lat' dir='ltr'>Quanquam</span> <span class='ocrx_word' id='word_1_152' title='bbox 526 2497 591 2561; x_wconf 91' lang='lat' dir='ltr'>quo</span> <span class='ocrx_word' id='word_1_153' title='bbox 614 2479 715 2542; x_wconf 91' lang='lat' dir='ltr'>tendit</span> <span class='ocrx_word' id='word_1_154' title='bbox 736 2499 775 2542; x_wconf 88' lang='lat' dir='ltr'>ea</span> <span class='ocrx_word' id='word_1_155' title='bbox 800 2479 870 2542; x_wconf 86' lang='lat' dir='ltr'>via?</span> <span class='ocrx_word' id='word_1_156' title='bbox 899 2500 977 2542; x_wconf 94' lang='lat' dir='ltr'>num</span> <span class='ocrx_word' id='word_1_157' title='bbox 998 2500 1139 2562; x_wconf 90' lang='lat' dir='ltr'>unquam</span> <span class='ocrx_word' id='word_1_158' title='bbox 1163 2477 1322 2542; x_wconf 87' lang='lat' dir='ltr'>adfinem</span> <span class='ocrx_word' id='word_1_159' title='bbox 1346 2497 1384 2540; x_wconf 92' lang='lat' dir='ltr'>ea</span> <span class='ocrx_word' id='word_1_160' title='bbox 1406 2496 1475 2558; x_wconf 91' lang='lat' dir='ltr'>per·</span> 
     </span>
     <span class='ocr_line' id='line_1_22' title="bbox 218 2582 1475 2666; baseline 0 -22"><span class='ocrx_word' id='word_1_161' title='bbox 218 2582 333 2646; x_wconf 91' lang='lat' dir='ltr'>ducere</span> <span class='ocrx_word' id='word_1_162' title='bbox 353 2583 476 2665; x_wconf 82' lang='lat' dir='ltr'>potuit?</span> <span class='ocrx_word' id='word_1_163' title='bbox 498 2594 572 2648; x_wconf 92' lang='lat' dir='ltr'>sunt</span> <span class='ocrx_word' id='word_1_164' title='bbox 593 2605 670 2648; x_wconf 90' lang='lat' dir='ltr'>sane</span> <span class='ocrx_word' id='word_1_165' title='bbox 693 2583 950 2666; x_wconf 84' lang='lat' dir='ltr'>frequentissima</span> <span class='ocrx_word' id='word_1_166' title='bbox 971 2586 1032 2650; x_wconf 89' lang='lat' dir='ltr'>tria</span> <span class='ocrx_word' id='word_1_167' title='bbox 1048 2586 1101 2648; x_wconf 92' lang='lat' dir='ltr'>illa</span> <span class='ocrx_word' id='word_1_168' title='bbox 1117 2584 1224 2649; x_wconf 86' lang='lat' dir='ltr'>caedis</span> <span class='ocrx_word' id='word_1_169' title='bbox 1240 2602 1367 2665; x_wconf 89' lang='lat' dir='ltr'>genera,</span> <span class='ocrx_word' id='word_1_170' title='bbox 1392 2601 1475 2661; x_wconf 89' lang='lat' dir='ltr'>quae</span> 
     </span>
     <span class='ocr_line' id='line_1_23' title="bbox 218 2684 1474 2772; baseline 0.002 -24"><span class='ocrx_word' id='word_1_171' title='bbox 218 2684 290 2770; x_wconf 91' lang='lat' dir='ltr'>lege</span> <span class='ocrx_word' id='word_1_172' title='bbox 318 2687 550 2771; x_wconf 85' lang='lat' dir='ltr'>Areopagitica</span> <span class='ocrx_word' id='word_1_173' title='bbox 585 2691 801 2766; x_wconf 90' lang='lat' dir='ltr'>continentur;</span> <span class='ocrx_word' id='word_1_174' title='bbox 839 2700 873 2754; x_wconf 90' lang='lat' dir='ltr'>at</span> <span class='ocrx_word' id='word_1_175' title='bbox 908 2700 1029 2770; x_wconf 89' lang='lat' dir='ltr'>quanta</span> <span class='ocrx_word' id='word_1_176' title='bbox 1060 2699 1207 2772; x_wconf 90' lang='lat' dir='ltr'>superest</span> <span class='ocrx_word' id='word_1_177' title='bbox 1240 2690 1387 2752; x_wconf 92' lang='lat' dir='ltr'>caedium</span> <span class='ocrx_word' id='word_1_178' title='bbox 1423 2707 1474 2750; x_wconf 86' lang='lat' dir='ltr'>va·</span> 
     </span>
     <span class='ocr_line' id='line_1_24' title="bbox 218 2793 1474 2878; baseline 0.001 -24"><span class='ocrx_word' id='word_1_179' title='bbox 218 2793 314 2856; x_wconf 87' lang='lat' dir='ltr'>rietas</span> <span class='ocrx_word' id='word_1_180' title='bbox 340 2804 437 2874; x_wconf 88' lang='lat' dir='ltr'>atque</span> <span class='ocrx_word' id='word_1_181' title='bbox 467 2794 648 2872; x_wconf 88' lang='lat' dir='ltr'>multitudo,</span> <span class='ocrx_word' id='word_1_182' title='bbox 679 2816 762 2878; x_wconf 91' lang='lat' dir='ltr'>quae</span> <span class='ocrx_word' id='word_1_183' title='bbox 791 2816 856 2859; x_wconf 90' lang='lat' dir='ltr'>non</span> <span class='ocrx_word' id='word_1_184' title='bbox 879 2796 910 2858; x_wconf 93' lang='lat' dir='ltr'>in</span> <span class='ocrx_word' id='word_1_185' title='bbox 932 2816 971 2858; x_wconf 86' lang='lat' dir='ltr'>ea</span> <span class='ocrx_word' id='word_1_186' title='bbox 992 2805 1296 2859; x_wconf 88' lang='lat' dir='ltr'>commemorantur.</span> <span class='ocrx_word' id='word_1_187' title='bbox 1341 2794 1417 2867; x_wconf 90' lang='lat' dir='ltr'>Fac,</span> <span class='ocrx_word' id='word_1_188' title='bbox 1442 2793 1474 2855; x_wconf 93' lang='lat' dir='ltr'>in</span> 
     </span>
     <span class='ocr_line' id='line_1_25' title="bbox 218 2891 1474 2986; baseline 0 -26"><span class='ocrx_word' id='word_1_189' title='bbox 218 2899 296 2961; x_wconf 91' lang='lat' dir='ltr'>turri</span> <span class='ocrx_word' id='word_1_190' title='bbox 325 2899 464 2980; x_wconf 87' lang='lat' dir='ltr'>aliquem</span> <span class='ocrx_word' id='word_1_191' title='bbox 494 2921 565 2963; x_wconf 88' lang='lat' dir='ltr'>esse</span> <span class='ocrx_word' id='word_1_192' title='bbox 591 2899 746 2963; x_wconf 92' lang='lat' dir='ltr'>inclusum</span> <span class='ocrx_word' id='word_1_193' title='bbox 776 2908 811 2963; x_wconf 92' lang='lat' dir='ltr'>ut</span> <span class='ocrx_word' id='word_1_194' title='bbox 833 2899 918 2964; x_wconf 84' lang='lat' dir='ltr'>lame</span> <span class='ocrx_word' id='word_1_195' title='bbox 940 2903 1056 2983; x_wconf 89' lang='lat' dir='ltr'>sitique</span> <span class='ocrx_word' id='word_1_196' title='bbox 1078 2901 1218 2982; x_wconf 92' lang='lat' dir='ltr'>periret:</span> <span class='ocrx_word' id='word_1_197' title='bbox 1236 2919 1341 2980; x_wconf 91' lang='lat' dir='ltr'>neque</span> <span class='ocrx_word' id='word_1_198' title='bbox 1364 2891 1474 2986; x_wconf 79' lang='grc' dir='ltr'><strong><em>φόνου,</em></strong></span> 
     </span>
     <span class='ocr_line' id='line_1_26' title="bbox 219 2997 1477 3094; baseline 0.001 -29"><span class='ocrx_word' id='word_1_199' title='bbox 219 3023 325 3084; x_wconf 90' lang='lat' dir='ltr'>neque</span> <span class='ocrx_word' id='word_1_200' title='bbox 352 3007 525 3090; x_wconf 78' lang='grc' dir='ltr'><strong><em>πυρκαϊᾶς,</em></strong></span> <span class='ocrx_word' id='word_1_201' title='bbox 558 3025 661 3087; x_wconf 90' lang='lat' dir='ltr'>neque</span> <span class='ocrx_word' id='word_1_202' title='bbox 691 2997 874 3094; x_wconf 81' lang='grc' dir='ltr'><em>φαρμάκων</em></span> <span class='ocrx_word' id='word_1_203' title='bbox 903 3009 986 3069; x_wconf 90' lang='lat' dir='ltr'>actio</span> <span class='ocrx_word' id='word_1_204' title='bbox 1018 3007 1136 3069; x_wconf 89' lang='lat' dir='ltr'>institui</span> <span class='ocrx_word' id='word_1_205' title='bbox 1165 3013 1289 3086; x_wconf 91' lang='lat' dir='ltr'>potest;</span> <span class='ocrx_word' id='word_1_206' title='bbox 1321 3024 1386 3084; x_wconf 93' lang='lat' dir='ltr'>quo</span> <span class='ocrx_word' id='word_1_207' title='bbox 1417 3003 1477 3066; x_wconf 92' lang='lat' dir='ltr'>sub</span> 
     </span>
     <span class='ocr_line' id='line_1_27' title="bbox 220 3107 1476 3190; baseline -0.003 -18"><span class='ocrx_word' id='word_1_208' title='bbox 220 3110 349 3190; x_wconf 85' lang='lat' dir='ltr'>nomine</span> <span class='ocrx_word' id='word_1_209' title='bbox 372 3131 444 3173; x_wconf 92' lang='lat' dir='ltr'>reus</span> <span class='ocrx_word' id='word_1_210' title='bbox 467 3121 536 3174; x_wconf 90' lang='lat' dir='ltr'>erat</span> <span class='ocrx_word' id='word_1_211' title='bbox 557 3110 772 3174; x_wconf 86' lang='lat' dir='ltr'>inducendus?</span> <span class='ocrx_word' id='word_1_212' title='bbox 795 3111 861 3173; x_wconf 91' lang='lat' dir='ltr'>Fac</span> <span class='ocrx_word' id='word_1_213' title='bbox 883 3111 1027 3174; x_wconf 86' lang='lat' dir='ltr'>effecisse</span> <span class='ocrx_word' id='word_1_214' title='bbox 1049 3110 1189 3190; x_wconf 91' lang='lat' dir='ltr'>aliquem</span> <span class='ocrx_word' id='word_1_215' title='bbox 1204 3110 1286 3172; x_wconf 91' lang='lat' dir='ltr'>utin</span> <span class='ocrx_word' id='word_1_216' title='bbox 1303 3128 1390 3170; x_wconf 90' lang='lat' dir='ltr'>mare</span> <span class='ocrx_word' id='word_1_217' title='bbox 1407 3107 1476 3187; x_wconf 92' lang='lat' dir='ltr'>quis</span> 
     </span>
     <span class='ocr_line' id='line_1_28' title="bbox 219 3211 1478 3299; baseline -0.004 -21"><span class='ocrx_word' id='word_1_218' title='bbox 219 3215 384 3278; x_wconf 90' lang='lat' dir='ltr'>decideret</span> <span class='ocrx_word' id='word_1_219' title='bbox 406 3223 503 3298; x_wconf 90' lang='lat' dir='ltr'>atque</span> <span class='ocrx_word' id='word_1_220' title='bbox 526 3218 644 3299; x_wconf 90' lang='lat' dir='ltr'>periret</span> <span class='ocrx_word' id='word_1_221' title='bbox 665 3217 696 3279; x_wconf 93' lang='lat' dir='ltr'>in</span> <span class='ocrx_word' id='word_1_222' title='bbox 716 3217 824 3293; x_wconf 89' lang='lat' dir='ltr'>undis;</span> <span class='ocrx_word' id='word_1_223' title='bbox 851 3237 914 3280; x_wconf 93' lang='lat' dir='ltr'>non</span> <span class='ocrx_word' id='word_1_224' title='bbox 937 3215 1107 3280; x_wconf 91' lang='lat' dir='ltr'>trucidavit</span> <span class='ocrx_word' id='word_1_225' title='bbox 1129 3215 1190 3290; x_wconf 90' lang='lat' dir='ltr'>ille,</span> <span class='ocrx_word' id='word_1_226' title='bbox 1215 3233 1319 3296; x_wconf 92' lang='lat' dir='ltr'>neque</span> <span class='ocrx_word' id='word_1_227' title='bbox 1341 3211 1478 3274; x_wconf 91' lang='lat' dir='ltr'>flammis</span> 
     </span>
     <span class='ocr_line' id='line_1_29' title="bbox 220 3317 1478 3404; baseline -0.004 -21"><span class='ocrx_word' id='word_1_228' title='bbox 220 3341 325 3403; x_wconf 93' lang='lat' dir='ltr'>neque</span> <span class='ocrx_word' id='word_1_229' title='bbox 353 3341 479 3384; x_wconf 91' lang='lat' dir='ltr'>veneno</span> <span class='ocrx_word' id='word_1_230' title='bbox 508 3323 633 3404; x_wconf 90' lang='lat' dir='ltr'>paravit</span> <span class='ocrx_word' id='word_1_231' title='bbox 662 3331 817 3399; x_wconf 88' lang='lat' dir='ltr'>mortem;</span> <span class='ocrx_word' id='word_1_232' title='bbox 847 3343 866 3384; x_wconf 95' lang='lat' dir='ltr'>e</span> <span class='ocrx_word' id='word_1_233' title='bbox 893 3321 966 3404; x_wconf 87' lang='lat' dir='ltr'>lege</span> <span class='ocrx_word' id='word_1_234' title='bbox 995 3321 1083 3385; x_wconf 89' lang='lat' dir='ltr'>nulla</span> <span class='ocrx_word' id='word_1_235' title='bbox 1105 3322 1135 3384; x_wconf 92' lang='lat' dir='ltr'>in</span> <span class='ocrx_word' id='word_1_236' title='bbox 1157 3340 1232 3384; x_wconf 89' lang='lat' dir='ltr'>eum</span> <span class='ocrx_word' id='word_1_237' title='bbox 1253 3319 1337 3383; x_wconf 90' lang='lat' dir='ltr'>actio</span> <span class='ocrx_word' id='word_1_238' title='bbox 1360 3317 1478 3379; x_wconf 92' lang='lat' dir='ltr'>institui</span> 
     </span>
     <span class='ocr_line' id='line_1_30' title="bbox 219 3423 1479 3508; baseline -0.004 -20"><span class='ocrx_word' id='word_1_239' title='bbox 219 3435 364 3508; x_wconf 90' lang='lat' dir='ltr'>poterat,</span> <span class='ocrx_word' id='word_1_240' title='bbox 393 3428 545 3507; x_wconf 91' lang='lat' dir='ltr'>quoniam</span> <span class='ocrx_word' id='word_1_241' title='bbox 582 3437 647 3490; x_wconf 91' lang='lat' dir='ltr'>tres</span> <span class='ocrx_word' id='word_1_242' title='bbox 676 3436 801 3490; x_wconf 90' lang='lat' dir='ltr'>tantum</span> <span class='ocrx_word' id='word_1_243' title='bbox 829 3447 922 3490; x_wconf 90' lang='lat' dir='ltr'>casus</span> <span class='ocrx_word' id='word_1_244' title='bbox 952 3425 1227 3508; x_wconf 81' lang='lat' dir='ltr'>frequentissimos</span> <span class='ocrx_word' id='word_1_245' title='bbox 1255 3423 1479 3507; x_wconf 88' lang='lat' dir='ltr'>praeviderant</span> 
     </span>
     <span class='ocr_line' id='line_1_31' title="bbox 220 3529 1479 3615; baseline -0.003 -23"><span class='ocrx_word' id='word_1_246' title='bbox 220 3529 446 3595; x_wconf 89' lang='lat' dir='ltr'>Athenienses.</span> <span class='ocrx_word' id='word_1_247' title='bbox 491 3531 525 3595; x_wconf 90' lang='lat' dir='ltr'>Si</span> <span class='ocrx_word' id='word_1_248' title='bbox 553 3542 662 3596; x_wconf 89' lang='lat' dir='ltr'>autem</span> <span class='ocrx_word' id='word_1_249' title='bbox 693 3533 737 3594; x_wconf 90' lang='lat' dir='ltr'>ita</span> <span class='ocrx_word' id='word_1_250' title='bbox 767 3542 801 3595; x_wconf 93' lang='lat' dir='ltr'>ut</span> <span class='ocrx_word' id='word_1_251' title='bbox 823 3533 1008 3615; x_wconf 86' lang='lat' dir='ltr'>inceperant</span> <span class='ocrx_word' id='word_1_252' title='bbox 1031 3551 1099 3594; x_wconf 93' lang='lat' dir='ltr'>rem</span> <span class='ocrx_word' id='word_1_253' title='bbox 1121 3532 1161 3595; x_wconf 89' lang='lat' dir='ltr'>ad</span> <span class='ocrx_word' id='word_1_254' title='bbox 1184 3529 1281 3592; x_wconf 87' lang='lat' dir='ltr'>finem</span> <span class='ocrx_word' id='word_1_255' title='bbox 1303 3529 1479 3592; x_wconf 91' lang='lat' dir='ltr'>voluissent</span> 
     </span>
     <span class='ocr_line' id='line_1_32' title="bbox 220 3632 1479 3721; baseline -0.004 -23"><span class='ocrx_word' id='word_1_256' title='bbox 220 3638 406 3718; x_wconf 89' lang='lat' dir='ltr'>perducere,</span> <span class='ocrx_word' id='word_1_257' title='bbox 433 3661 450 3703; x_wconf 91' lang='lat' dir='ltr'>e</span> <span class='ocrx_word' id='word_1_258' title='bbox 474 3660 559 3702; x_wconf 93' lang='lat' dir='ltr'>novo</span> <span class='ocrx_word' id='word_1_259' title='bbox 583 3658 711 3721; x_wconf 88' lang='lat' dir='ltr'>quoque</span> <span class='ocrx_word' id='word_1_260' title='bbox 734 3637 941 3702; x_wconf 90' lang='lat' dir='ltr'>interficiendi</span> <span class='ocrx_word' id='word_1_261' title='bbox 964 3638 1064 3700; x_wconf 93' lang='lat' dir='ltr'>modo</span> <span class='ocrx_word' id='word_1_262' title='bbox 1086 3657 1171 3701; x_wconf 92' lang='lat' dir='ltr'>nova</span> <span class='ocrx_word' id='word_1_263' title='bbox 1193 3645 1262 3700; x_wconf 91' lang='lat' dir='ltr'>erat</span> <span class='ocrx_word' id='word_1_264' title='bbox 1288 3632 1479 3696; x_wconf 86' lang='lat' dir='ltr'>instituenda</span> 
     </span>
    </p>
   </div>
   <div class='ocr_carea' id='block_1_3' title="bbox 221 3883 1480 4220">
    <p class='ocr_par' dir='ltr' id='par_1_6' title="bbox 221 3883 1480 4220">
     <span class='ocr_line' id='line_1_33' title="bbox 310 3883 1477 3962; baseline -0.012 -15"><span class='ocrx_word' id='word_1_265' title='bbox 310 3896 331 3962; x_wconf 86' lang='lat'>¹)</span> <span class='ocrx_word' id='word_1_266' title='bbox 349 3897 489 3960; x_wconf 87' lang='lat' dir='ltr'>Quodlibet</span> <span class='ocrx_word' id='word_1_267' title='bbox 514 3892 658 3943; x_wconf 86' lang='lat' dir='ltr'>incendium</span> <span class='ocrx_word' id='word_1_268' title='bbox 680 3891 818 3956; x_wconf 85' lang='lat' dir='ltr'>Areopago</span> <span class='ocrx_word' id='word_1_269' title='bbox 843 3891 992 3956; x_wconf 84' lang='lat' dir='ltr'>competisse</span> <span class='ocrx_word' id='word_1_270' title='bbox 1016 3889 1123 3940; x_wconf 85' lang='lat' dir='ltr'>Heffteri</span> <span class='ocrx_word' id='word_1_271' title='bbox 1152 3895 1189 3939; x_wconf 89' lang='lat' dir='ltr'>est</span> <span class='ocrx_word' id='word_1_272' title='bbox 1218 3886 1341 3937; x_wconf 88' lang='lat' dir='ltr'>sententia</span> <span class='ocrx_word' id='word_1_273' title='bbox 1370 3883 1477 3949; x_wconf 89' lang='lat' dir='ltr'>(Athen.</span> 
     </span>
     <span class='ocr_line' id='line_1_34' title="bbox 221 3974 1476 4050; baseline -0.014 -12"><span class='ocrx_word' id='word_1_274' title='bbox 221 3986 488 4050; x_wconf 84' lang='lat' dir='ltr'>Gerlchtsverfassung</span> <span class='ocrx_word' id='word_1_275' title='bbox 512 3982 581 4048; x_wconf 87' lang='lat'>180).</span> <span class='ocrx_word' id='word_1_276' title='bbox 624 3975 887 4038; x_wconf 82' lang='lat' dir='ltr'>Meier·Schoemann,</span> <span class='ocrx_word' id='word_1_277' title='bbox 919 3979 974 4028; x_wconf 81' lang='lat' dir='ltr'>Au.</span> <span class='ocrx_word' id='word_1_278' title='bbox 1004 3980 1076 4030; x_wconf 91' lang='lat' dir='ltr'>Proc.</span> <span class='ocrx_word' id='word_1_279' title='bbox 1103 3975 1187 4042; x_wconf 85' lang='lat' dir='ltr'>314l5.</span> <span class='ocrx_word' id='word_1_280' title='bbox 1233 3975 1351 4040; x_wconf 88' lang='lat' dir='ltr'>Philippi,</span> <span class='ocrx_word' id='word_1_281' title='bbox 1380 3974 1476 4037; x_wconf 90' lang='lat' dir='ltr'>Areop.</span> 
     </span>
     <span class='ocr_line' id='line_1_35' title="bbox 226 4059 1480 4135; baseline -0.02 -3"><span class='ocrx_word' id='word_1_282' title='bbox 226 4082 286 4131; x_wconf 89' lang='lat'>161:</span> <span class='ocrx_word' id='word_1_283' title='bbox 317 4080 411 4129; x_wconf 81' lang='lat' dir='ltr'>Contra</span> <span class='ocrx_word' id='word_1_284' title='bbox 436 4080 548 4130; x_wconf 86' lang='lat' dir='ltr'>censent,</span> <span class='ocrx_word' id='word_1_285' title='bbox 576 4069 744 4135; x_wconf 84' lang='lat' dir='ltr'>Areopagitas</span> <span class='ocrx_word' id='word_1_286' title='bbox 767 4069 889 4119; x_wconf 82' lang='lat' dir='ltr'>iudicasse</span> <span class='ocrx_word' id='word_1_287' title='bbox 916 4067 951 4116; x_wconf 80' lang='lat' dir='ltr'>ita</span> <span class='ocrx_word' id='word_1_288' title='bbox 978 4068 1081 4117; x_wconf 87' lang='lat' dir='ltr'>demum</span> <span class='ocrx_word' id='word_1_289' title='bbox 1107 4067 1127 4116; x_wconf 92' lang='lat' dir='ltr'>si</span> <span class='ocrx_word' id='word_1_290' title='bbox 1150 4067 1215 4114; x_wconf 85' lang='lat' dir='ltr'>vitae</span> <span class='ocrx_word' id='word_1_291' title='bbox 1241 4061 1350 4113; x_wconf 89' lang='lat' dir='ltr'>hominis</span> <span class='ocrx_word' id='word_1_292' title='bbox 1372 4059 1480 4109; x_wconf 84' lang='lat' dir='ltr'>insidiae</span> 
     </span>
     <span class='ocr_line' id='line_1_36' title="bbox 223 4149 1479 4220; baseline -0.018 0"><span class='ocrx_word' id='word_1_293' title='bbox 223 4179 332 4220; x_wconf 81' lang='lat' dir='ltr'>structae</span> <span class='ocrx_word' id='word_1_294' title='bbox 356 4173 451 4218; x_wconf 86' lang='lat' dir='ltr'>essent:</span> <span class='ocrx_word' id='word_1_295' title='bbox 481 4162 589 4220; x_wconf 84' lang='lat' dir='ltr'>Gilbert,</span> <span class='ocrx_word' id='word_1_296' title='bbox 615 4159 659 4211; x_wconf 88' lang='lat' dir='ltr'>Gr.</span> <span class='ocrx_word' id='word_1_297' title='bbox 684 4157 864 4220; x_wconf 71' lang='lat' dir='ltr'>st-n.1362</span> <span class='ocrx_word' id='word_1_298' title='bbox 883 4163 944 4206; x_wconf 83' lang='lat' dir='ltr'>nota</span> <span class='ocrx_word' id='word_1_299' title='bbox 963 4168 984 4205; x_wconf 91' lang='lat'>1.</span> <span class='ocrx_word' id='word_1_300' title='bbox 1031 4155 1129 4215; x_wconf 87' lang='lat' dir='ltr'>Busolt,</span> <span class='ocrx_word' id='word_1_301' title='bbox 1155 4153 1254 4204; x_wconf 88' lang='lat' dir='ltr'>Griech.</span> <span class='ocrx_word' id='word_1_302' title='bbox 1279 4149 1371 4200; x_wconf 89' lang='lat' dir='ltr'>Gesch.</span> <span class='ocrx_word' id='word_1_303' title='bbox 1389 4151 1479 4214; x_wconf 83' lang='lat'>1415.</span> 
     </span>
    </p>
   </div>
   <div class='ocr_carea' id='block_1_4' title="bbox 223 4247 1075 4311">
    <p class='ocr_par' dir='ltr' id='par_1_7' title="bbox 223 4247 1075 4311">
     <span class='ocr_line' id='line_1_37' title="bbox 223 4247 1075 4311; baseline -0.018 -3"><span class='ocrx_word' id='word_1_304' title='bbox 223 4256 360 4308; x_wconf 84' lang='lat' dir='ltr'>Thalheim</span> <span class='ocrx_word' id='word_1_305' title='bbox 380 4255 406 4304; x_wconf 93' lang='lat' dir='ltr'>iu</span> <span class='ocrx_word' id='word_1_306' title='bbox 426 4255 460 4304; x_wconf 91' lang='lat' dir='ltr'>K.</span> <span class='ocrx_word' id='word_1_307' title='bbox 477 4253 519 4302; x_wconf 86' lang='lat' dir='ltr'>Fr.</span> <span class='ocrx_word' id='word_1_308' title='bbox 539 4251 627 4300; x_wconf 86' lang='lat' dir='ltr'>Herm.</span> <span class='ocrx_word' id='word_1_309' title='bbox 649 4247 749 4298; x_wconf 88' lang='lat' dir='ltr'>Griech.</span> <span class='ocrx_word' id='word_1_310' title='bbox 768 4247 855 4311; x_wconf 88' lang='lat' dir='ltr'>Antiq.</span> <span class='ocrx_word' id='word_1_311' title='bbox 874 4261 900 4310; x_wconf 91' lang='lat' dir='ltr'>p.</span> <span class='ocrx_word' id='word_1_312' title='bbox 918 4257 951 4307; x_wconf 89' lang='lat'>42</span> <span class='ocrx_word' id='word_1_313' title='bbox 971 4252 1033 4294; x_wconf 84' lang='lat' dir='ltr'>nota</span> <span class='ocrx_word' id='word_1_314' title='bbox 1052 4257 1075 4293; x_wconf 86' lang='lat'>2.</span> 
     </span>
    </p>
   </div>
   <div class='ocr_carea' id='block_1_5' title="bbox 0 0 1697 4994">
    <p class='ocr_par' dir='ltr' id='par_1_8' title="bbox 0 0 1697 4994">
     <span class='ocr_line' id='line_1_38' title="bbox 0 0 1697 4994; baseline 0 0"><span class='ocrx_word' id='word_1_315' title='bbox 0 0 1697 4994; x_wconf 95' lang='lat' dir='ltr'> </span> 
     </span>
    </p>
   </div>
  </div>
 </body>
</html>
