3352 4994
718 278 932 339 ..13-

283 448 340 511 Ad
361 448 513 510 amussim
550 456 658 509 autem
695 467 733 508 ea
769 450 928 512 consentit
957 468 1029 510 cum
1060 448 1325 530 Harpocratione,
1356 471 1454 532 quem

198 554 357 638 immerito
387 560 576 634 spreverunt
604 550 750 615 homines
779 554 866 616 docti
895 554 985 634 quasi
1014 552 1129 616 nullius
1159 566 1244 619 esset
1276 558 1384 638 pretii;
1422 558 1454 620 id

198 662 303 742 ipsum
341 658 425 719 enim
455 658 543 736 quod
573 678 616 719 ex
645 657 824 721 oratoribus
854 657 1010 720 efficimus
1038 657 1120 721 illius
1147 660 1303 724 indicatur
1330 662 1451 726 verbis:

201 761 257 842 »ἐξ
285 760 463 846 ἐπιβουλῆς
484 756 736 844 κατασκευάζειν
757 757 931 827 θύνατονκ.
976 762 1051 825 Non
1073 765 1183 828 debuit
1206 767 1258 830 ille
1281 769 1452 834 contemni.

281 868 467 931 Andocides
490 879 598 930 autem
620 890 685 932 non
707 870 770 930 iarn
787 868 877 928 -id
899 869 988 949 quod
1002 869 1235 950 ineptissimum
1251 881 1338 936 esset
1353 885 1451 954 atque

196 973 363 1036 ridiculum
394 1012 433 1020 —
462 973 583 1035 auctori
613 971 816 1035 intellectuali
852 973 989 1054 opponit
1014 974 1116 1054 (194)
1145 985 1310 1039 auctorem
1345 978 1451 1060 physi-

197 1100 286 1142 cum:
312 1079 330 1141 i.
354 1099 381 1141 e.
405 1077 604 1153 carnificem;
634 1078 691 1140 sed
720 1097 797 1139 sane
826 1085 858 1139 et
881 1077 987 1140 sobrie
1007 1077 1113 1160 legem
1136 1100 1220 1160 quae
1241 1081 1273 1142 in
1296 1083 1451 1147 Meletum

196 1182 334 1263 quadrat
355 1183 477 1264 profert
494 1184 591 1246 hanc:
619 1181 678 1244 »Si
701 1183 794 1261 quis
816 1181 1020 1246 insidiose
1042 1184 1303 1246 machinatus
1324 1187 1447 1249 inter·

201 1284 372 1350 »fecerit
400 1289 592 1363 alterum,
629 1289 668 1349 in
697 1286 838 1349 eodem
867 1295 1063 1351 teneatur
1092 1310 1137 1367 ac
1169 1290 1203 1352 si
1236 1300 1450 1354 cruentam

200 1393 386 1456 »caedem
408 1393 644 1456 effecisset:
675 1392 696 1454 i.
719 1412 746 1452 e.
770 1392 974 1454 tenendus
997 1392 1072 1456 sub
1094 1387 1222 1481 φόνου
1245 1394 1449 1476 λεςὶλταειλ

196 1499 253 1561 Ad
280 1498 363 1561 hanc
394 1499 522 1578 quidem
547 1498 652 1578 legem
678 1495 852 1559 rectissime
873 1499 1062 1576 provocavit
1083 1497 1286 1576 Andocides;
1310 1518 1449 1579 namque

197 1604 360 1667 occiderat
389 1602 527 1665 Meletus
558 1603 717 1665 Leontem
746 1620 811 1662 non
839 1599 933 1684 χειρὶ,
962 1603 1021 1665 sed
1048 1604 1176 1666 nomine
1206 1604 1314 1667 delato
1345 1604 1449 1667 iniusti

196 1709 301 1772 iudicii
324 1706 472 1789 periculis
494 1728 568 1769 eum
591 1708 705 1782 obruit,
730 1707 838 1789 itaque
861 1717 973 1771 auctor
995 1709 1024 1771 ei
1046 1709 1153 1771 extitit
1174 1710 1296 1774 mortis

281 1813 334 1877 Sic
363 1821 396 1875 et
425 1822 570 1874 oratores
599 1821 747 1876 accurate
774 1813 972 1894 interpretati
995 1812 1350 1897 Harpocrationemque
1380 1815 1450 1878 tuiti

196 2054 376 2127 πραξάντων;
396 2060 482 2127 itaque
499 2061 533 2109 ita
553 2057 717 2124 explicandus
735 2059 782 2107 erit
799 2059 883 2108 locus:
904 2060 1023 2110 Thebani
1040 2061 1066 2110 in
1084 2061 1169 2111 animo
1189 2061 1292 2126 quidem
1309 2061 1451 2110 habuerunt

197 2149 390 2215 occupationem
408 2145 510 2211 templi;
531 2146 663 2196 consilium
681 2155 765 2196 autem
783 2149 909 2212 profacto
922 2149 1068 2199 habendum
1079 2179 1115 2188 -
1125 2165 1187 2214 ergo
1200 2150 1318 2200 Thebani
1329 2147 1450 2215 puniendi

195 2245 254 2288 sunt
272 2253 324 2286 non
343 2237 424 2287 minus
442 2251 471 2284 ac
489 2235 553 2285 sire
572 2251 631 2284 vera
648 2236 745 2284 facinus
763 2236 954 2287 commisissent.

280 2327 370 2391 Neque
394 2325 485 2375 Aesch.
510 2325 536 2371 II
559 2335 606 2386 117
632 2324 697 2373 duae
720 2331 778 2372 sunt
804 2323 934 2382 factiones
959 2341 1065 2390 quarum
1089 2326 1158 2374 alteri
1182 2327 1315 2376 consilium
1333 2327 1451 2376 convenit

194 2415 266 2464 alteri
289 2430 328 2463 res
349 2413 509 2479 peragenda:
534 2411 722 2481 συλλεγέντων
745 2410 777 2462 δὲ
798 2413 854 2461 τῶν
870 2405 1079 2482 Ἀμφικτυόνων
1104 2415 1143 2472 τίς
1166 2409 1198 2464 τὸ
1217 2411 1294 2484 ἱερὸν
1311 2452 1317 2465 .
1337 2450 1343 2464 .
1362 2451 1369 2464 .
1388 2413 1452 2474 τοὺς

195 2505 304 2561 αἰτίους
333 2503 380 2565 τῆς
411 2502 440 2562 ἐξ
467 2496 553 2569 ἀρχῆς
581 2494 760 2566 καταλήψεως
790 2505 840 2551 τοῦ
865 2501 942 2567 ἱεροῦ
971 2499 1050 2562 δίκης
1078 2495 1173 2564 ἠξίουν
1205 2506 1306 2570 τυχεῖν,
1332 2500 1371 2568 μὴ
1402 2497 1451 2561 τὰς

197 2591 337 2660 πατρίδας
354 2584 411 2641 ἀλλ’
433 2585 534 2647 αὐτούς
553 2588 619 2647 τοὺς
635 2583 888 2658 χειρουργήσαντας
905 2591 952 2639 καὶ
969 2584 1181 2654 βουλεύσαντας.
1212 2590 1321 2639 Eosdem
1331 2579 1451 2641 ¹homines

195 2680 343 2744 intellegere
361 2679 482 2727 debemus
501 2675 602 2736 αὐτοὺς
619 2676 684 2736 τοὺς
699 2669 953 2748 χειρουργήσαντας
968 2679 1016 2728 καὶ
1035 2672 1245 2742 βουλεύσαντας,
1284 2679 1310 2727 Si
1329 2681 1395 2729 enim
1408 2679 1450 2730 alii

195 2769 307 2825 fuissent,
328 2766 371 2831 qui
392 2766 525 2815 consilium
543 2765 624 2816 moliti
641 2775 733 2826 essent,
754 2765 872 2814 articulus
890 2773 949 2815 ante
967 2761 1171 2830 βουλεύσαντας
1191 2783 1243 2816 non
1255 2767 1339 2833 potuit
1353 2769 1449 2819 deesse.

195 2860 235 2908 Ne
259 2872 319 2907 vero
346 2870 559 2920 supervacaneum
581 2862 654 2918 putes
679 2870 732 2903 esse
755 2855 805 2903 hoc
827 2854 941 2902 verbum.
979 2854 1018 2903 Ex
1041 2871 1072 2904 eo
1091 2855 1157 2905 enim
1175 2856 1246 2920 quod
1263 2873 1316 2906 rem
1334 2857 1451 2907 dicuntur

196 2949 347 3012 βουλεῦσαι
364 2943 448 3002 etiam,
469 2941 593 3007 gravioris
610 2942 720 2991 criminis
738 2941 870 2991 deducitur
892 2952 1077 3007 argumentum,
1099 2943 1193 3009 quippe
1212 2961 1267 2996 cum
1287 2945 1366 2994 maius
1383 2945 1449 2993 vide·

195 3045 271 3088 antur
293 3049 418 3100 peccasse,
444 3031 488 3096 qui
513 3038 595 3080 totum
614 3030 729 3080 facinoris
748 3029 880 3082 consilinm
898 3031 1060 3095 conceperint
1077 3041 1101 3080 et
1118 3031 1235 3091 foverint,
1255 3047 1330 3096 quam
1349 3033 1368 3080 si
1386 3031 1451 3081 forte

196 3141 247 3174 nno
271 3123 369 3189 repenti
391 3121 500 3185 impulsu
525 3119 591 3184 capti
609 3119 642 3168 ad
660 3120 711 3168 vim
729 3127 754 3169 et
772 3133 841 3166 arma
858 3118 922 3183 rapti
940 3134 993 3167 esse
1010 3119 1160 3168 viderentur.
1196 3120 1316 3170 Conferns
1334 3121 1367 3169 ad
1384 3121 1451 3168 hanc

195 3230 248 3262 rem
272 3212 341 3261 And.
361 3212 393 3260 ἸΙ
418 3223 463 3260 20:
494 3205 547 3277 ἐγὼ
573 3212 670 3260 τοίνυν
693 3215 868 3265 τοιοῦτος..
889 3201 1039 3277 ἐγενόμην,
1071 3201 1140 3259 ὥστε
1163 3205 1228 3264 τοὺς
1253 3200 1357 3280 ἄνδρας
1386 3205 1451 3269 τούς

196 3305 283 3352 ταῦτα
307 3294 512 3366 βουλεύσαντας
535 3293 579 3368 ἐφ’
600 3295 665 3366 ύμῖν
683 3297 731 3348 καὶ
748 3289 907 3365 πράξαντας
924 3296 1084 3360 ψευσθῆναι
1101 3295 1148 3361 τῆς
1166 3293 1258 3348 αὐτῶν
1274 3289 1394 3366 γνώμης,
1414 3297 1447 3346 cf.

195 3390 293 3455 reliqua
315 3388 341 3436 in
364 3387 448 3436 fronte
469 3386 543 3436 huius
570 3394 645 3436 notae
670 3385 775 3434 collecta
798 3383 949 3433 testimonia.
993 3385 1026 3434 Ut
1049 3395 1132 3434 autem
1157 3400 1232 3433 nemo
1257 3385 1306 3435 iam
1335 3386 1447 3450 negabit,

195 3478 305 3528 eundem
324 3476 368 3542 qui
385 3491 438 3525 rem
455 3475 551 3523 invenit
567 3473 685 3539 perficere
706 3489 762 3522 eam
779 3488 853 3538 posse
872 3471 963 3537 ipsum,
986 3473 1022 3522 ita
1039 3471 1155 3538 equidem
1174 3471 1226 3522 fieri
1245 3489 1319 3539 posse
1337 3475 1450 3526 concedo

195 3575 224 3616 ut
248 3565 304 3631 quis
328 3563 442 3630 perficiat
463 3579 515 3612 rem
540 3578 616 3629 quam
634 3563 697 3612 alter
716 3561 867 3626 excogitavit
885 3557 1063 3626 (ίβούλευσε).
1101 3562 1183 3624 Quam
1202 3561 1226 3610 in
1245 3580 1297 3613 rem
1316 3564 1450 3629 inquirenti

193 3653 339 3718 exemplum
357 3669 383 3701 se
401 3652 474 3701 offert
492 3667 570 3700 unum
587 3650 693 3700 Aristot.
714 3649 791 3699 Rhet.
809 3649 821 3697 I
841 3665 864 3700 c.
880 3650 932 3699 VII
953 3662 997 3712 13:
1019 3645 1034 3702 ὃ
1051 3644 1209 3720 Λεωδάμας
1223 3654 1385 3724 κατηγορῶν
1396 3651 1450 3723 ἔφη

196 3735 407 3810 Καλλιστράτου
425 3734 477 3792 τὸν
495 3735 683 3805 βουλεύσαντα
702 3741 752 3789 τοῦ
770 3731 926 3808 πράξαντος
942 3739 1051 3808 μᾶλλον
1069 3733 1183 3800 ἀδικεῖν,
1203 3736 1236 3794 ού
1249 3736 1304 3812 γὰρ
1315 3737 1450 3811 ἂνπραχ·

195 3833 282 3896 θῆναι
300 3828 340 3901 μὴ
359 3829 599 3896 βουλευσαμένου·
619 3820 707 3879 πάλιν
731 3825 762 3878 δὲ
788 3829 916 3897 Χαβρίου
943 3823 993 3878 τὸν
1011 3824 1155 3897 πράξαντα
1173 3833 1223 3881 τοῦ
1241 3825 1450 3895 βουλεύσαντος,

194 3916 230 3972 οὐ
249 3914 303 3992 γὰρ
321 3910 356 3972 ἂν
373 3920 505 3986 γενέσθαι
523 3920 549 3969 ελ
566 3914 605 3986 μὴ
626 3907 661 3982 ἦν
678 3910 694 3967 ὁ
711 3907 829 3986 πράξων.
859 3917 924 3964 Pace
937 3929 993 3964 mea
1004 3916 1077 3981 plura
1088 3917 1162 3966 etiam
1180 3919 1323 3968 afferantur.
1354 3919 1450 3982 Quidni

194 4010 264 4060 enim
289 4007 395 4073 cogitari
418 4013 502 4072 potest
523 4022 573 4065 res,
598 4020 674 4070 quam
697 4003 738 4053 hic
762 4002 866 4068 quidem
886 4005 1045 4069 excogitavit,
1065 4003 1152 4070 perfici
1173 4006 1206 4055 ab
1227 4007 1287 4056 illo?
1309 4004 1451 4073 βουλεύειν

195 4107 222 4148 et
239 4090 371 4167 πράττειν
389 4095 454 4144 duae
466 4101 525 4144 sunt
536 4093 656 4150 actiones,
678 4106 743 4157 quae
755 4099 798 4140 aut
816 4091 945 4140 duobus
963 4101 1006 4141 aut
1023 4094 1078 4142 uni
1097 4093 1266 4161 eidemque
1281 4096 1377 4146 homini
1389 4112 1449 4146 con·

196 4187 281 4236 venire
304 4191 418 4252 possunt.
455 4182 609 4233 incitationis
631 4180 763 4230 notionem
785 4179 863 4229 verbo
880 4173 1023 4245 βουλεύειν
1042 4181 1121 4232 inesse
1144 4199 1177 4232 ne
1200 4184 1324 4234 eiusmodi
1346 4183 1450 4248 quidem

195 4275 319 4340 exemplis
343 4271 561 4324 demonstrabitur.
