3352 4994
753 348 965 413 ,37-

318 499 439 564 Contra
472 520 547 564 eum
582 500 706 582 duplex
746 500 842 566 fuisse
879 503 1029 566 iudicium
1069 504 1291 568 demonstrant
1334 511 1489 574 oratores,

235 626 318 688 quos
353 607 476 688 primos
508 625 637 688 semper
666 606 814 671 audimus
842 615 878 670 ut
905 617 1006 672 testes
1036 608 1068 672 in
1097 609 1210 672 mediis
1237 617 1383 672 versatos
1416 606 1492 690 ipsis

234 709 330 774 rebus
361 730 466 793 neque
495 731 609 775 manca
638 729 745 776 rerum
776 713 890 776 notitia
911 722 967 776 aut
989 715 1149 778 erroribus
1171 723 1357 797 corruptos;
1380 720 1493 776 contra

234 835 309 880 eum
345 824 482 880 testatur
517 817 602 880 idem
637 817 891 900 Harpocration,
927 819 1032 894 cuius,
1062 820 1209 900 quamvis
1239 820 1381 884 secundo
1417 816 1491 881 loco

233 922 387 1004 positum,
410 930 519 986 tamen
541 943 607 986 non
628 923 864 987 contemnimus
886 924 1114 989 testimonium.

320 1056 448 1120 Poenae
470 1057 603 1120 modum
626 1077 644 1118 e
667 1057 855 1121 iudiciorum
875 1060 986 1125 ordine
1008 1061 1149 1141 pendere
1169 1080 1267 1142 supra
1286 1060 1351 1122 iam
1372 1055 1491 1119 monui.

234 1160 333 1224 Prout
368 1182 440 1225 reus
477 1162 548 1245 quis
585 1160 687 1225 iactus
724 1173 793 1227 erat
829 1174 884 1228 aut
922 1165 953 1228 in
990 1166 1169 1248 Areopago
1204 1173 1259 1228 aut
1290 1165 1321 1227 in
1349 1160 1492 1225 Palladio

234 1268 440 1330 condemnari
462 1267 573 1331 debuit
593 1275 650 1330 aut
671 1269 784 1350 capitis
805 1278 861 1332 aut
881 1269 977 1334 exilii.
1021 1269 1055 1334 Si
1077 1271 1149 1352 quis
1170 1270 1292 1334 ratione
1316 1287 1380 1332 non
1396 1265 1492 1329 mani-

235 1371 316 1436 festa
338 1374 569 1454 prudenter
591 1371 731 1453 aliquem
754 1374 967 1452 interemerat,
988 1385 1024 1439 ut
1046 1371 1163 1462 φονεὺς
1184 1395 1312 1440 summo
1334 1370 1492 1455 supplicio

234 1477 350 1560 dIgnus
376 1477 557 1542 habebatur
578 1487 611 1542 et
634 1498 667 1540 re
689 1499 767 1542 vera
788 1481 926 1545 carnifici
948 1483 1123 1547 succubuit.
1170 1481 1217 1546 Ut
1238 1500 1337 1545 unum
1359 1477 1493 1541 afferam

235 1583 441 1666 exemplum:
469 1584 686 1648 Menestratus
716 1585 795 1667 Lys.
824 1585 902 1652 XIII
931 1588 986 1668 56:
1017 1582 1135 1676 ἐπειδὴ
1157 1589 1251 1653 τοῦτο
1272 1579 1310 1651 τὸ
1332 1582 1492 1669 ψήφισμα

236 1687 371 1772 ἐγένετο,
403 1686 518 1774 μηνύει
551 1681 568 1756 ὁ
603 1690 832 1775 Μενέστρατος
864 1691 923 1758 καί
957 1687 1236 1779 προσαπογράφει
1274 1687 1401 1775 ἑτέρους
1428 1689 1492 1751 τῶν

236 1794 398 1862 πολιτῶν·
421 1802 534 1864 τοῦτον
552 1796 665 1877 μέντοι
688 1791 720 1861 oi
743 1796 803 1879 μὲν
824 1793 999 1880 τριάκοντα
1021 1793 1165 1888 ἀφεῖσαν
1188 1792 1297 1881 ὥσπερ
1316 1789 1492 1880 Ἀγόρατον

235 1899 380 1980 τουτονί,
425 1896 566 1982 δόξαντα
604 1893 736 1988 τάληθῆ
772 1898 993 1989 εἰσαγγεῖλαι,
1036 1897 1129 1988 ὑμεῖς
1165 1904 1202 1971 δὲ
1239 1902 1355 1988 πολλῷ
1389 1893 1493 1983 χρόνῳ

236 1999 367 2092 ὕστερον
388 2002 541 2090 λαβόντες
561 2003 596 2071 ἐν
612 2005 812 2093 δικαστηρίῳ
828 1999 871 2087 ὥς
893 2003 1162 2096 ἀνδροφόνον
1184 2000 1282 2075 όντα
1304 2000 1493 2072 θάνατον

238 2110 417 2190 δικαίως
454 2105 769 2198 καταψηφισάμενοι
805 2115 852 2199 τῷ
889 2115 996 2202 δημίῳ
1034 2113 1212 2199 παρέδοτε,
1257 2112 1315 2179 καί
1354 2105 1493 2184 ἀπετυμ-

237 2216 401 2304 πανίσθη.
463 2218 679 2280 Menestratos
722 2213 901 2300 βουλεύσας
935 2222 1021 2284 cives
1058 2223 1190 2284 iniustae
1228 2219 1324 2283 morti
1361 2216 1494 2278 dederat

239 2323 353 2388 eadem
375 2324 498 2388 ratione
519 2332 617 2404 atque
639 2322 807 2404 Agoratus
821 2324 1086 2407 Dionysodorum
1106 2326 1309 2405 Meletusque
1323 2322 1492 2384 Leontem.

239 2428 364 2511 Quibus
392 2429 549 2505 omnibus,
580 2449 654 2491 cum
681 2433 913 2514 prudenter
945 2432 1078 2495 caedem
1108 2430 1351 2504 commisissent,
1387 2444 1494 2507 poena

237 2535 351 2618 capitis
378 2544 447 2598 erat
475 2538 655 2599 statuenda.
708 2535 741 2598 Si
771 2557 849 2600 vero
879 2537 967 2602 sine
989 2538 1171 2602 consilio
1195 2538 1266 2619 quis
1288 2553 1363 2598 casu
1387 2530 1495 2613 potius

237 2641 376 2705 alterum
412 2639 527 2716 obruit,
571 2641 718 2705 nimirum
752 2625 928 2706 secundum
965 2631 1075 2728 φόνοο
1104 2635 1261 2709 ἇκοοοίοο
1303 2641 1391 2722 leges
1428 2656 1493 2699 non

237 2748 344 2830 potuit
372 2745 579 2810 condemnari
607 2746 665 2809 nisi
693 2747 789 2811 exilii.
846 2747 962 2830 Neque
990 2749 1145 2812 maiorem
1174 2749 1322 2811 videntur
1353 2762 1494 2827 poenam

237 2851 420 2935 postulasse
447 2860 651 2914 accusatores
672 2850 704 2914 in
735 2851 812 2917 Ant.
840 2874 886 2917 or.
919 2853 966 2917 VI
997 2857 1016 2934 ξ
1045 2869 1080 2936 7;
1113 2855 1172 2935 ipsi
1196 2853 1281 2916 enim
1303 2852 1346 2916 illi
1368 2869 1495 2914 conces-

237 2967 354 3033 serant,
383 2957 471 3040 quod
500 2975 597 3038 supra
625 2956 772 3032 vidimus,
802 2958 914 3022 dolum
945 2960 1066 3023 malum
1096 2980 1151 3022 reo
1181 2959 1302 3021 crimini
1333 2977 1396 3020 non
1424 2973 1495 3018 esse

236 3065 388 3129 dandum.

322 3179 412 3262 Ergo
435 3179 523 3259 quod
544 3177 665 3240 iussum
687 3185 738 3239 est
761 3175 833 3258 lege
854 3177 1055 3255 Andocidea,
1079 3199 1112 3242 re
1134 3198 1210 3241 vera
1227 3177 1379 3241 accidisse
1394 3174 1496 3237 omni-

237 3286 298 3349 bus
325 3305 369 3348 ex
396 3284 540 3367 partibus
561 3283 717 3365 probatur
738 3283 934 3364 gravissimis
955 3285 1154 3349 testimoniis.
1188 3282 1281 3365 Quae
1303 3283 1343 3345 de
1365 3289 1496 3343 cruenta

238 3390 337 3452 caede
366 3397 504 3452 statutae
534 3398 625 3452 erant
652 3388 751 3470 leges,
783 3390 927 3473 integrae
955 3390 1123 3455 valuerunt
1150 3390 1182 3454 in
1211 3388 1339 3470 reliquis
1365 3405 1495 3469 quoque

238 3493 387 3557 omnibus
408 3494 517 3556 caedis
539 3495 718 3575 generibus.

319 3618 391 3702 Jam
423 3638 502 3682 vero
533 3619 560 3683 si
591 3641 660 3683 rem
691 3622 930 3704 persequimur,
972 3621 1103 3684 ulterius
1138 3620 1274 3683 sortasse
1301 3618 1403 3682 ,nobis
1438 3618 1498 3680 erit

238 3724 527 3808 progrediendum
550 3725 658 3789 nescio
680 3728 774 3806 enim,
798 3748 875 3790 num
898 3725 1034 3789 sufficiat
1049 3730 1137 3807 quod
1155 3724 1305 3788 iudicium
1320 3724 1450 3808 quidem
1465 3731 1498 3786 et

238 3852 379 3916 poenam
409 3829 524 3895 eadem
551 3827 646 3894 fuisse
676 3832 902 3896 demonstravi.
948 3831 1097 3912 Namque
1126 3831 1152 3894 si
1181 3851 1215 3893 re
1243 3850 1320 3893 vera
1348 3829 1402 3910 qui
1425 3833 1497 3913 ,sou

238 3931 355 4016 λεόσας
383 3934 584 4001 interfecerat
613 3937 645 4000 in
673 3938 789 4001 eodem
817 3946 944 4002 tenetur
972 3958 1011 4001 ac
1038 3937 1064 3999 si
1091 3934 1275 4020 χειρίστη]
1303 3935 1495 4016 peregisset:

140 4129 143 4136 ,
238 4044 385 4108 nimirum
407 4035 535 4131 φόνου
558 4043 684 4106 actione
707 4064 779 4106 reus
802 4053 928 4106 erat-
945 4063 1010 4106 non
1031 4036 1245 4126 βοολεόοεως;
1269 4059 1401 4121 prorsus
1415 4038 1496 4101 haec

237 4151 363 4214 videtur
384 4166 639 4231 supervacanea;
663 4147 726 4212 iam
749 4149 971 4231 inquirendum
994 4156 1044 4210 est
1068 4148 1099 4208 in
1121 4166 1194 4208 eam
1215 4165 1299 4221 rem;
1321 4145 1495 4220 videamus,

238 4257 292 4320 ubi
323 4262 470 4318 occurrat
500 4274 539 4316 ea
566 4253 651 4317 actio
681 4255 767 4335 apud
790 4263 949 4330 oratores3
979 4252 1156 4329 videamus,
1187 4269 1263 4313 num
1286 4250 1346 4313 sub
1369 4251 1496 4314 nomine
