3352 4994
747 331 960 393 „30-

313 486 419 548 Nemo
447 482 571 546 dubitat
599 484 676 562 quin
706 484 852 547 consulto
882 503 1020 547 noverca
1049 484 1123 546 viris
1144 492 1283 546 mortem
1305 484 1483 564 paraverit:

230 590 261 672 (ξ
285 590 314 672 3)
340 585 377 668 ἐξ
409 585 587 672 ἐπιβουλῆς
619 585 676 652 καὶ
709 589 903 672 προβουλῆς,
937 590 969 669 (ξ
995 591 1025 668 5)
1056 582 1213 666 ἑκουσίως
1243 585 1280 652 ἐκ
1308 584 1482 670 προνοίας;

229 694 323 758 dolus
354 693 456 756 malus
485 694 516 754 in
546 699 659 775 aperto
690 703 755 771 est;
786 715 874 775 ergo,
906 704 941 757 ut
968 713 1080 756 verum
1113 695 1227 768 dicam,
1256 712 1321 755 non
1350 713 1483 774 possum

228 799 293 861 ulla
316 797 513 880 ¹cogitatione
539 799 701 880 consequi,
733 819 797 880 qua
819 801 860 862 de
879 800 1003 862 ratione
1025 818 1143 880 negare
1166 800 1236 878 quis
1257 799 1360 880 possit
1382 798 1483 860 Areo·

228 923 316 986 pago
338 923 411 966 eam
432 904 592 967 actionem
613 905 810 967 convenisse.
846 905 946 967 Miror
967 903 1122 985 imprimis
1143 903 1345 985 Philippium,
1369 902 1484 983 quide

227 1008 363 1090 Antiph.
380 1029 425 1072 or.
442 1007 491 1070 VI
513 1008 611 1071 verba
634 1007 752 1071 iaciens
775 1009 943 1072 discrimen
965 1030 983 1071 e
1007 1007 1083 1070 dolo
1103 1006 1190 1069 malo
1205 1009 1397 1076 sumendum
1413 1029 1484 1070 esse

228 1115 297 1195 ipse
313 1114 389 1176 dicit
404 1113 474 1194 (Ar.
490 1135 520 1176 u.
536 1113 620 1195 Eph.
637 1115 705 1193 34):
727 1113 800 1176 »der
814 1107 984 1197 βούλευσις
996 1110 1094 1175 iehlte
1110 1111 1178 1174 also
1194 1111 1247 1172 die
1261 1110 1403 1193 πρόνοια
1419 1113 1483 1175 und

197 1273 201 1279 .
227 1219 286 1283 das
308 1218 403 1282 allein
425 1217 520 1281 sollte
543 1217 601 1280 auf
618 1218 670 1280 die
692 1217 865 1281 Annahme
887 1217 1065 1292 hinliihren,
1088 1218 1164 1279 dass
1179 1235 1238 1278 nur
1252 1236 1293 1279 an
1312 1216 1370 1278 das
1385 1217 1484 1280 Palla-

229 1324 317 1387 dium
338 1359 379 1368 —
403 1322 519 1386 nieht
551 1343 599 1386 an
632 1323 708 1385 den
740 1322 939 1404 Areopag
966 1323 1013 1385 als
1047 1319 1256 1384 Gerichtshos
1284 1340 1322 1381 zu
1357 1321 1484 1382 denken

228 1428 302 1491 sei«
327 1463 369 1474 -
391 1428 548 1491 Probatur
571 1425 647 1489 mihi
668 1427 731 1490 hoc
752 1427 957 1509 principium;
990 1429 1059 1490 vice
1081 1446 1174 1489 versa
1195 1434 1304 1488 autem
1326 1442 1388 1505 ego
1410 1424 1483 1486 dico

231 1534 281 1595 »in
302 1531 437 1614 Antiph.
458 1532 473 1594 I
495 1533 614 1595 crimen
637 1552 710 1593 cum
732 1532 817 1593 malo
839 1530 917 1598 dolo
939 1533 1144 1594 coniunctum
1166 1551 1237 1594 esse
1257 1548 1353 1592 nemo
1376 1537 1482 1610 negat,

229 1640 316 1721 quod
339 1637 443 1700 solum
466 1639 529 1700 iarn
551 1635 668 1700 sufficit
689 1636 730 1698 ad
752 1637 1037 1699 demonstrandum
1059 1635 1193 1716 cogitari
1222 1655 1286 1698 non
1307 1654 1405 1716 posse
1425 1635 1484 1696 nisi

228 1746 269 1808 de
290 1743 496 1824 Areopago<

312 1868 482 1930 Praeterea
512 1867 731 1948 Areopagitas
766 1865 861 1928 fuisse
893 1867 1020 1941 iudices,
1053 1886 1096 1929 ex
1128 1867 1197 1947 ipsa
1226 1866 1371 1928 oratione
1400 1865 1485 1930 testi·

229 1975 375 2035 monium
398 1973 598 2036 demonstrat
620 1971 919 2035 luculentissimum:
943 1981 1033 2034 actor
1054 1971 1138 2034 enim
1153 1971 1194 2034 ad
1208 1971 1338 2052 paelicis
1353 1992 1372 2032 a
1388 1971 1485 2033 carni·

228 2077 289 2140 fiee
317 2079 381 2141 iam
411 2088 544 2141 necatae
574 2086 712 2140 mortem
721 2079 744 2159 ¹)
775 2077 954 2159 respiciens,
986 2086 1021 2139 ut
1050 2078 1185 2139 eandem
1208 2096 1366 2139 novercae
1387 2076 1485 2139 etiam

228 2203 368 2266 poenam
398 2182 541 2265 infligant
569 2183 688 2245 iudices
717 2192 848 2264 perorat
876 2185 976 2263 §2oe
1011 2171 1090 2245 ἄνθ’
1124 2165 1168 2246 ὧν
1198 2172 1218 2269 ἡ
1247 2180 1307 2262 μὲν
1334 2181 1483 2260 διακονή-

231 2309 318 2354 σασα
343 2283 409 2368 ἔχει
432 2283 473 2351 τὰ
496 2282 648 2369 ἐπίχειρα
670 2272 715 2352 ὧν
738 2278 816 2367 ἆξία
839 2273 877 2367 ἦν
900 2280 993 2352 οὐδὲν
1015 2281 1108 2350 αἰτία
1130 2272 1211 2350 οὖσα
1227 2323 1271 2336 -
1285 2289 1331 2372 τῷ
1349 2280 1409 2370 γὰρ
1426 2284 1483 2372 δη·

229 2392 373 2479 μοκοίυῳ
384 2397 600 2478 τροχιοθεῖοα
612 2389 843 2476 παρεδόθη-
857 2383 876 2475 ἡ
894 2383 926 2456 δ’
944 2386 1036 2454 αἰτία
1050 2411 1085 2454 τε
1100 2381 1163 2475 ἤδη
1178 2388 1234 2454 καὶ
1254 2388 1484 2475 ἐυδυμηθοῖσα

230 2498 298 2582 [καὶ
326 2499 593 2582 χειρουργήοασα]
627 2494 713 2577 ἕξει.
746 2493 802 2562 ἐὰν
823 2489 915 2579 ὑμεῖς
936 2517 970 2560 τε
991 2493 1049 2559 καὶ
1072 2491 1103 2561 oi
1127 2495 1203 2559 θεοὶ
1229 2494 1382 2563 θέλωσιν.
1427 2495 1482 2559 cf.

230 2605 328 2666 eiusd.
352 2624 398 2665 or.
423 2607 442 2683 g
467 2619 521 2685 27:
544 2601 602 2667 καὶ
626 2595 738 2685 ὥσπερ
761 2598 883 2666 ἐκεῖνον
905 2602 1079 2681 (maritum)
1101 2592 1180 2684 αὑτὴ
1203 2590 1275 2664 οὔτε
1297 2595 1396 2679 θεοὺς
1411 2595 1484 2667 οὔτε

231 2700 338 2794 ἥρωας
363 2699 433 2773 οὔτ’
459 2700 657 2788 ἀνθρώπους
680 2704 818 2772 δείσασα
839 2698 1017 2784 ἀπώλεσεν,
1041 2697 1125 2770 οὕτω
1145 2703 1203 2770 καὶ
1220 2696 1300 2791 αὕτη
1315 2697 1375 2789 ὑφ’
1391 2697 1482 2786 ὑμῶν

229 2812 287 2877 καὶ
318 2815 376 2878 τοῦ
411 2811 544 2878 δικαίου
572 2804 763 2895 ἀπολομένη
795 2808 853 2876 καὶ
884 2805 930 2899 μὴ
962 2813 1104 2892 τυχοῦσα
1137 2804 1214 2898 μήτ’
1257 2805 1370 2888 αἰδοῦς
1404 2801 1480 2897 μήτ’

230 2915 323 2983 ἐλέου
353 2909 426 3002 μήτ’
452 2912 604 3002 αἰσχύνης
624 2914 788 3002 μηδεμιᾶς
809 2909 891 3001 παρ’
914 2909 1004 3000 ὑμῶν
1024 2920 1081 3004 τῆς
1103 2909 1314 3000 δικαιοτάτης
1334 2907 1374 2980 δι’
1392 2909 1483 2998 τύχοι

228 3020 398 3107 τιμωρίας.

315 3146 402 3228 Quid
421 3148 508 3211 hisce
530 3148 673 3231 postulat
695 3155 785 3210 actor
807 3148 864 3211 nisi
886 3156 1058 3210 mortem
1081 3167 1237 3210 novercae
1258 3165 1399 3229 poenam
1414 3167 1484 3209 esse

229 3251 454 3316 statuendam?
481 3254 590 3317 Poena
616 3254 727 3334 capitis
757 3262 866 3316 autem
895 3252 1072 3334 Areopago
1101 3252 1250 3314 convenit
1271 3269 1336 3314 non
1357 3250 1485 3332 reliquis

231 3356 361 3420 minoris
398 3359 518 3421 ordinis
553 3357 689 3436 iudiciis,
727 3358 869 3422 Palladio
905 3357 956 3420 vel
994 3356 1182 3439 Delphinio‚
1220 3356 1334 3438 quibus
1365 3356 1485 3421 leviora

315 3593 376 3659 ¹)E
403 3596 455 3647 iure
482 3613 563 3663 neque
596 3597 703 3648 accusari
727 3598 816 3662 paelex
842 3597 924 3663 potuit
951 3595 1078 3650 ἑκουσίου
1105 3614 1136 3665 φ.
1163 3610 1245 3661 neque
1269 3612 1387 3646 summo
1417 3595 1484 3645 affici

229 3683 369 3750 supplicio;
399 3684 525 3734 nefastum
547 3702 672 3737 novercae
695 3685 827 3736 consilium
851 3685 955 3736 omnino
980 3701 1033 3734 non
1058 3691 1227 3749 perspexerat,
1253 3684 1407 3749 philtron
1430 3700 1482 3733 nou

230 3789 355 3822 venenum
383 3773 539 3822 mortiferum
570 3774 668 3824 dedisse
692 3791 719 3824 se
745 3781 806 3826 rata.
829 3801 864 3810 -
887 3774 1019 3824 Mulierem
1037 3788 1103 3840 quae
1123 3771 1218 3838 philtro
1236 3772 1296 3822 dato
1314 3772 1485 3838 imprudenter

232 3862 347 3914 maritum
377 3862 534 3910 interfecerat
567 3861 697 3911 liberatam
727 3877 781 3912 esse
810 3863 843 3911 ab
871 3861 1033 3928 Areopagitis
1067 3857 1236 3927 [Aristoteles]
1268 3867 1353 3910 narrat
1382 3859 1482 3924 (Magn.

230 3952 296 4001 Mor.
313 3952 328 4000 Ι
348 3947 441 4013 16l17).
477 3951 500 3998 E
518 3949 571 4000 iure
595 3949 671 4014 igitur
694 3965 746 3998 non
771 3950 854 4015 potuit
876 3950 963 3999 mortis
981 3949 1144 4000 condemnari
1162 3965 1246 4021 neque
1262 3949 1430 3998 condemnata
1449 3955 1486 3998 est

231 4039 325 4104 mortis,
349 4055 382 4088 ne
405 4039 430 4088 in
454 4038 492 4088 ius
510 4039 612 4105 quidem
631 4038 735 4088 omnino
753 4047 852 4089 vocata.
887 4038 976 4088 Statim
993 4055 1025 4088 ex
1042 4039 1097 4102 ipso
1115 4038 1182 4088 iacto
1199 4036 1310 4088 carnifici
1327 4037 1419 4086 tradita
1437 4043 1483 4094 est,

231 4127 325 4192 quippe
344 4143 408 4192 quae
427 4127 487 4178 civis
504 4143 557 4176 non
576 4134 640 4178 esset
655 4125 815 4176 Atheniensis
832 4125 877 4176 sed
894 4141 966 4176 serva
985 4125 1068 4192 (aliter
1083 4127 1150 4178 enim
1164 4127 1299 4176 Philoueus
1316 4141 1369 4176 non
1386 4132 1486 4190 poterat

231 4229 286 4263 eam
316 4213 364 4268 tut
393 4220 524 4287 πορυεῐου
555 4212 745 4281 καταστῆναι).
