3352 4994
717 323 926 388 „17-

193 497 266 542 eam
286 497 394 542 essee
417 477 524 540 multis
544 476 751 540 interficiendi
774 477 957 554 rationibus,
981 477 1156 560 opponitur
1176 478 1206 548 ei
1228 476 1358 558 quaevis
1378 478 1449 552 alia,

193 602 268 646 cum
298 584 369 665 quis
404 581 582 644 insidias
618 582 876 646 machinatus
911 583 1126 663 quaslibet
1163 581 1450 645 clandestinas

194 687 373 750 consilio
417 688 550 768 magis
595 705 714 768 quarn
756 690 794 750 vi
836 697 984 770 aperta
1027 687 1223 767 (verberibus
1255 685 1451 768 vulneribus)

194 801 334 858 mortem
361 793 520 874 paraverit
528 793 560 872 ¹).
613 791 705 855 Haec
726 801 835 856 autern
857 791 1030 876 explicatio
1052 811 1152 875 quam
1178 792 1260 856 bene
1282 794 1452 856 conveniat

194 897 352 979 genuinae
374 895 462 960 verbi
484 892 650 978 βουλεύειν
672 897 794 961 notioni
816 918 881 960 non
904 917 987 980 opus
1009 906 1059 960 est
1080 896 1188 960 multis
1209 898 1330 980 exponi
1338 899 1371 978 ³).

284 1175 305 1242 ¹)
321 1177 401 1226 Miror
422 1191 498 1242 quam
521 1191 602 1241 prope
626 1177 675 1226 iarn
699 1179 733 1226 ad
751 1194 838 1227 verum
856 1179 967 1242 aggressi
985 1187 1069 1228 tamen
1089 1177 1122 1226 ad
1141 1177 1204 1226 falsa
1222 1176 1321 1242 delapsi
1339 1176 1389 1225 sint
1406 1173 1452 1225 viri

196 1265 274 1316 docti.
309 1264 359 1314 Vix
377 1263 511 1314 credideris
529 1265 638 1314 eundern
656 1281 739 1331 aquo
765 1265 907 1314 »incitatio«
929 1266 1006 1317 oritur
1029 1265 1270 1316 Forchhammerum
1293 1265 1373 1329 loqui,
1394 1280 1451 1316 cum

196 1353 284 1402 audias
303 1351 341 1416 (d.
361 1355 405 1402 Ar.
426 1369 451 1402 n.
470 1352 533 1417 priv.
554 1369 580 1417 p.
599 1352 654 1418 30):
689 1353 754 1402 >Est
776 1369 833 1404 vero
856 1347 1001 1420 βούλευσις
1021 1355 1050 1402 id
1064 1354 1162 1407 crimen.
1187 1368 1236 1417 qno
1254 1353 1313 1417 quis
1330 1368 1452 1417 quacum-

195 1451 243 1506 que
266 1442 301 1489 sit
317 1441 413 1490 ratione
430 1442 483 1504 ipse
499 1447 583 1490 tamen
600 1457 617 1490 a
634 1445 742 1493 necando
762 1459 877 1491 nranus
894 1443 1030 1502 abstinens,
1050 1441 1172 1490 hominem
1185 1442 1260 1490 morti
1271 1442 1371 1490 studeat
1381 1441 1450 1491 dare.

196 1529 309 1580 similiter
326 1529 420 1579 Weber
437 1529 471 1578 ad
488 1530 564 1579 Dem.
582 1529 778 1582 Aristocrateam
796 1547 822 1596 p.
842 1530 890 1592 148
907 1547 948 1580 n.:
971 1523 1124 1596 βούλευσις,
1150 1546 1202 1594 qna
1226 1529 1285 1595 quis
1302 1543 1332 1576 ex
1350 1529 1452 1576 insidiis

197 1620 237 1666 vel
252 1619 305 1668 alia
324 1618 420 1666 ratione
437 1633 488 1665 non
506 1617 613 1666 admotis
630 1618 748 1668 manibus
766 1619 875 1668 alterum
892 1634 979 1668 necare
996 1618 1104 1670 studuit.

281 1705 303 1772 ²)
323 1707 404 1772 Supra
427 1723 453 1771 p.
473 1717 498 1766 9.
530 1707 579 1756 iam
610 1706 697 1756 monui
724 1707 820 1772 opponi
850 1724 924 1774 posse
950 1706 1096 1758 »eonsilium
1120 1707 1218 1757 moliri«
1242 1732 1276 1742 -
1305 1703 1449 1763 ›efficere‹;

199 1794 268 1842 cuius
291 1793 421 1844 antithesis
443 1794 512 1858 prior
538 1811 595 1860 pars
618 1811 676 1844 cum
697 1795 849 1859 exprimatur
870 1813 916 1861 per
933 1791 1085 1862 βουλεύειν,
1110 1796 1190 1844 altera
1208 1803 1235 1844 ut
1252 1810 1298 1858 per
1313 1795 1388 1866 χειρὶ
1407 1793 1450 1864 ἐρ·

198 1875 330 1947 γύζεσθαι
348 1883 421 1932 unice
438 1882 587 1948 proteratur,
608 1891 705 1933 tantum
722 1884 793 1934 abest
811 1893 839 1933 ut
856 1883 1000 1948 saepissime
1017 1884 1131 1934 invenias
1151 1884 1230 1933 verba
1247 1886 1348 1945 ποιεῖν,
1364 1875 1451 1952 πρύτ-

198 1985 269 2035 τειν,
293 1969 365 2039 δρᾶν
388 1979 436 2020 etc.
474 1971 593 2035 Aeschyl.
614 1972 665 2036 Ag.
689 1972 767 2036 1605:
800 1965 830 2031 ὃς
855 1969 907 2024 οὐκ
930 1967 1025 2038 ἐπειδὴ
1047 1965 1116 2039 τῷδ’
1144 1968 1311 2038 ἐβούλευσας
1336 1965 1451 2041 μόρουΙ

199 2056 326 2128 δρᾶσαι
351 2053 416 2111 τὸδ’
441 2057 524 2127 ἔργον
548 2057 599 2110 οὐκ
623 2058 700 2125 ἔτλης
723 2054 904 2118 αὐτοκτόνως.
939 2061 1039 2110 Andoc.
1061 2061 1151 2109 1120:
1179 2057 1244 2117 τοὺς
1262 2052 1367 2132 ἄνδρας
1385 2059 1451 2118 τοὺς

200 2151 286 2198 ταῦτα
304 2144 509 2212 βουλεύσαντας
526 2175 560 2186 ·-
577 2149 623 2200 καλ
641 2142 856 2219 πράξαντας.
892 2150 958 2199 Xen.
979 2149 1070 2213 Cyrop.
1089 2150 1154 2198 VIII
1174 2160 1198 2210 7,
1219 2162 1249 2212 3:
1269 2146 1338 2219 μήτε
1356 2143 1454 2215 ἀσεβὲς

197 2233 287 2304 μηδὲν
306 2271 312 2284 .
330 2272 337 2285 .
356 2271 363 2285 .
381 2230 449 2304 μήτε
470 2231 639 2303 ποιήσητε
656 2235 724 2308 μήτε
742 2231 924 2304 βουλεύσητε;
941 2238 1003 2288 ibid.
1024 2237 1064 2286 111
1084 2250 1106 2296 1,
1129 2247 1174 2300 15:
1203 2229 1254 2288 ὅσα
1271 2232 1453 2303 βεβούλευται

199 2316 214 2386 ἢ
231 2314 284 2375 ὅσα
302 2326 471 2393 πέπρακε.
509 2326 587 2375 Dion.
607 2326 668 2375 Hal.
688 2327 766 2375 Arch.
786 2328 818 2376 R.
839 2327 866 2375 II
887 2323 947 2374 118:
968 2324 1034 2383 τοὺς
1055 2328 1219 2395 πατρικίους
1235 2329 1384 2390 βουλεῦσαι
1403 2320 1452 2376 τὸν

201 2405 500 2485 φόνου...πρᾶξαι
524 2413 555 2466 δὲ
578 2408 610 2466 τὸ
635 2415 717 2486 ἔργον
735 2415 764 2467 ἐν
780 2415 818 2481 τῷ
832 2414 1026 2480 βουλευτηρίῳ.
1060 2413 1152 2464 Iulian,
1173 2413 1199 2483 in
1221 2413 1354 2463 Constant.
1379 2414 1450 2463 laud.

199 2500 230 2548 26
243 2501 288 2550 B.:
308 2501 428 2552 Γαλατία
442 2499 555 2573 adelmo]
566 2504 605 2572 τῷ
617 2504 656 2570 σῷ
668 2503 816 2569 ἐβούλευσέ
825 2504 913 2555 τεκαὶ
925 2501 1061 2555 ἐτέλεσε
1073 2499 1123 2554 τὸν
1138 2494 1235 2572 φόνου.
1256 2501 1344 2564 Synes.
1356 2503 1405 2567 Ep.
1416 2515 1452 2562 44

197 2604 224 2652 p.
248 2587 291 2638 181
313 2590 363 2640 D.:
388 2589 421 2641 οὐ
440 2583 575 2660 πράξας
593 2585 662 2644 ἀλλὰ
679 2586 832 2658 βουλεύσας
844 2587 894 2644 τὸν
906 2583 1005 2661 φόνου.
1017 2617 1051 2626 -
1063 2592 1148 2640 Verba
1160 2598 1244 2640 autem
1256 2593 1333 2660 χειρὶ
1346 2583 1429 2657 ἔργύζ
1440 2616 1454 2626 -

198 2679 274 2739 σθαι,
290 2682 468 2749 χειρουργεῖυ
486 2680 522 2730 ita
533 2681 635 2730 demum
646 2688 784 2744 ponuntur.
804 2680 848 2730 ubi
856 2695 882 2728 re
892 2694 951 2729 vera
962 2679 987 2728 vi
999 2679 1130 2728 manifesta
1146 2678 1242 2745 aliquid
1255 2673 1384 2744 peractum
1400 2694 1453 2728 esse

198 2765 389 2828 exprimendum
412 2775 458 2816 est.
495 2767 539 2817 cir.
557 2770 634 2818 Dem.
655 2769 721 2817 XIX
739 2781 781 2818 21.
817 2768 1031 2828 Aesch.11117.
1068 2768 1143 2816 Falso
1168 2767 1243 2832 igitur
1260 2776 1363 2832 putatur
1377 2769 1454 2838 χειρὶ
1502 2807 1503 2810 ¹

199 2846 365 2923 ἐργάζεσθαι
384 2855 505 2906 terminus
525 2839 699 2950 quidalrn'esse
718 2856 848 2906 technicus
868 2856 900 2906 de
920 2855 1068 2905 »efficiendo
1086 2855 1188 2918 alterius
1206 2855 1338 2905 consilio«.

283 2942 343 2991 Non
361 2944 444 2993 minus
461 2943 597 2994 confident«
610 2940 719 3010 [neque
736 2945 819 2994 minus
838 2944 901 2994 salso
917 2944 995 3008 vulgo
1011 2945 1124 3005 credunt,
1145 2944 1168 2992 ei
1188 2944 1231 3009 qui
1244 2943 1377 2992 consilium
1392 2959 1452 2993 con·

199 3030 274 3094 cepit,
295 3031 332 3098 τῷ
348 3027 539 3097 βουλεύσαντι,
565 3016 651 3098 utidue
669 3032 766 3097 opponi
783 3033 875 3082 debere
893 3033 1032 3082 alterum
1049 3031 1211 3081 hominem
1230 3032 1274 3097 qui
1287 3032 1363 3082 efficit
1374 3033 1451 3093 illud;

199 3117 270 3181 quasi
287 3135 340 3168 non
358 3130 443 3184 posset
460 3136 524 3170 unus
541 3121 660 3187 idemque
677 3121 756 3171 homo
776 3129 802 3171 et
819 3120 951 3170 consilium
963 3122 1094 3184 concipere
1110 3128 1134 3170 et
1145 3135 1267 3185 peragere
1278 3123 1345 3170 remi
1366 3121 1455 3171 Paucis

199 3203 263 3254 haec
285 3222 324 3256 res
347 3207 503 3258 illustranda.
541 3210 581 3258 Ex
606 3209 726 3274 opinione
745 3209 847 3274 quidem
865 3209 956 3259 accidit
972 3209 1068 3274 vulgari
1088 3208 1159 3273 quod
1175 3209 1294 3270 Aeschyl.
1314 3211 1366 3274 Ag.
1389 3209 1455 3274 1585

199 3307 230 3340 ex
249 3295 372 3360 Aegistho
389 3297 524 3362 quaeritur,
544 3313 605 3346 num
623 3295 766 3366 ἐβούλευσε
780 3297 883 3348 caedem
895 3298 1108 3364 Agamemnonis3
1126 3313 1184 3347 cum
1195 3312 1247 3346 rem
1259 3313 1312 3346 non
1323 3299 1459 3363 perfecerit

199 3380 263 3444 ipse,
290 3383 323 3432 de
345 3384 473 3434 incitando
497 3385 548 3436 hoc
571 3387 676 3437 fortasse
697 3387 812 3437 videatur
835 3385 880 3434 tibi
903 3385 997 3436 dictum
1022 3402 1082 3437 esse.
1122 3387 1157 3435 At
1178 3386 1228 3435 hoc
1250 3401 1302 3434 non
1323 3369 1457 3452 terendum

200 3483 255 3519 esse
276 3471 307 3520 V.
335 3471 399 3536 1598
422 3473 592 3534 demonstrat;
623 3491 654 3524 ex
681 3475 877 3540 Clytaemnestra
901 3475 982 3536 enim,
1012 3476 1081 3525 cuius
1104 3475 1197 3525 crimen
1219 3474 1457 3534 incitationem

199 3573 254 3607 esse
277 3575 352 3609 nerno
375 3560 519 3621 affirmabit,
548 3571 701 3628 quaeruntur
717 3563 819 3612 eadem:
845 3558 931 3630 γύναι
954 3557 988 3615 σι)
1006 3599 1013 3614 .
1032 3599 1038 3613 .
1057 3600 1088 3615 ..
1112 3561 1194 3635 ἀνδρὶ
1212 3563 1356 3632 στρατηγῷ
1375 3558 1451 3616 τόνδ’

200 3640 365 3711 ἐβούλευσας
387 3643 493 3722 μόρον;
518 3667 593 3700 »num
618 3660 645 3701 tu
663 3650 772 3701 struxisti
790 3650 849 3701 duci
866 3651 1000 3701 caedem?
1026 3679 1060 3689 —
1083 3653 1161 3702 Vides
1181 3653 1256 3716 igitur
1274 3648 1324 3703 τὸυ
1341 3648 1459 3718 βουλεύ·

201 3749 289 3789 σαντα
308 3754 360 3788 non
378 3755 423 3804 per
442 3739 547 3788 alterum
566 3755 664 3806 semper
681 3740 726 3789 sed
743 3740 825 3805 ipsum
843 3741 919 3790 etiam
936 3756 1011 3805 posse
1027 3757 1081 3790 rem
1098 3740 1225 3806 perficere.

289 3827 372 3878 Etiam
392 3829 467 3878 Deru.
485 3829 551 3878 XIX
570 3842 599 3877 21
627 3843 714 3878 vereor
731 3843 764 3876 ne
782 3827 846 3878 lalso
864 3829 1037 3894 intellegatur:
1071 3829 1195 3892 ¹Thebani
1213 3825 1306 3894 (utqui
1324 3831 1457 3881 consilium

201 3914 328 3980 dederint)
342 3933 395 3966 non
407 3917 488 3965 minus
499 3924 557 3965 sunt
566 3916 689 3982 puniendi
700 3931 775 3980 quam
788 3916 937 3968 Phocenses'
947 3914 1002 3982 (qui
1012 3933 1064 3968 rem
1075 3915 1244 3983 perfecerunt)
1255 3943 1287 3952 -
1296 3920 1457 3982 nequeenim

200 4001 339 4054 Thebanos
363 4005 494 4054 consilium
517 4005 617 4054 dedisse
639 4004 821 4064 Phocensibus,
846 4022 928 4071 neque
952 4006 978 4054 in
999 4014 1118 4070 utrosque
1136 4005 1280 4070 Philippum
1297 4006 1455 4057 invecturum

201 4107 255 4141 esse
273 4092 370 4142 dixerat
382 4093 527 4154 Aeschines,
549 4093 637 4142 sedin
655 4093 793 4142 Thebanos
811 4095 977 4158 potissimum.
1004 4084 1146 4147 dadolenam
1164 4091 1218 4162 γὰρ
1235 4086 1318 4154 αύτύς
1337 4092 1456 4160 (Aesch.)

202 4180 256 4248 ἔφη
273 4177 324 4232 τὸυ
341 4182 487 4234 Φίλιππον
504 4171 546 4232 ὅτι
567 4177 651 4234 οὐδὲν
667 4168 750 4247 ἦττον
769 4175 933 4248 ἦστβύιιεσαυ
952 4184 981 4236 ολ
990 4177 1202 4251 βεβουλευκότες
1215 4181 1270 4234 τῶν
1281 4187 1342 4242 ταῖς
1351 4186 1459 4254 χερσὶν,

254 4271 371 4316 Ραὲεονι.
1233 4297 1248 4332 2
