3352 4994
750 319 963 382 *23-

231 472 379 537 Athenas
402 474 538 536 misisset
559 473 704 536 nuntium
727 473 944 553 quaesiturum
966 472 1008 534 ab
1031 472 1184 553 exegetis,
1208 473 1284 553 quid
1305 469 1347 533 illi
1365 470 1486 534 homini

232 577 412 642 faciendum
441 578 567 660 esset1).
623 575 721 657 Quod
750 587 824 640 ante
854 577 952 640 nuntii
982 578 1118 641 reditum
1151 576 1203 640 ille
1236 586 1381 639 mortuus
1409 585 1487 652 erat,

232 684 380 748 videlicet
408 704 472 747 non
494 704 512 745 e
534 683 634 764 patris
648 683 814 746 voluntate
830 683 953 757 accidit,
977 702 1051 745 cum
1066 692 1151 745 esset
1167 681 1256 744 illum
1271 690 1485 744 accusaturus.

232 789 298 852 Fac
327 789 487 852 medicum
509 797 645 870 aegroto
675 807 772 868 quem
795 797 885 851 curat
906 786 1178 860 chloroformium
1213 787 1300 868 quod
1323 805 1486 861 vocamus,

232 895 371 971 dedisse;
403 894 509 956 interit
537 893 589 955 ille
613 913 674 974 pro
695 893 791 956 nimia
810 911 893 974 quae
914 892 1022 956 inflata
1042 894 1071 956 ei
1092 903 1142 956 est
1163 895 1277 956 veneni
1299 892 1487 972 quantitate.

231 999 280 1062 Ita
310 999 452 1062 medicus
480 996 566 1084 χειρὶ
596 999 751 1061 occidisse
781 1017 854 1061 eum
881 998 942 1060 dici
971 1019 1036 1060 non
1064 1007 1182 1080 potest,
1211 999 1270 1060 sed
1299 996 1487 1081 βουλεύσας.

232 1105 358 1166 Tamen
385 1124 458 1166 cum
486 1112 656 1184 aegrotum
678 1123 791 1166 sanare
813 1103 976 1177 studuerit,
1006 1124 1071 1166 non
1097 1105 1286 1176 interimere,
1315 1103 1489 1183 prudenter

233 1210 365 1272 caedem
388 1209 585 1272 commisisse
600 1209 768 1290 unicuique
784 1208 961 1288 negabitur.
998 1207 1175 1271 Coniuncta
1189 1206 1284 1288 igitur
1297 1208 1386 1270 vides
1404 1227 1487 1290 quae

232 1313 373 1376 adversis
402 1312 559 1376 frontibus
588 1333 698 1376 secum
728 1313 917 1376 videbantur
947 1333 1099 1395 pugnare.
1152 1310 1217 1374 Ubi
1248 1311 1335 1397 χειρὶ
1370 1304 1487 1376 ἀποκτ.

232 1419 415 1500 opponitur,
439 1418 542 1480 omnis
565 1419 631 1481 doli
647 1419 722 1481 mali
737 1419 826 1482 notio
841 1419 932 1482 deest
946 1418 1047 1482 verbo
1060 1413 1234 1500 βουλεύειν,
1259 1439 1341 1498 quae
1358 1418 1488 1500 propria

231 1533 281 1587 est
310 1524 453 1587 eiusdem
482 1524 514 1586 in
543 1525 692 1588 antithesi
715 1515 879 1601 ἀκουσίως
899 1560 942 1570 -
963 1517 1150 1606 βουλεύσας,
1175 1517 1339 1602 ἑκουσίως.
1375 1524 1487 1603 Atque

231 1629 311 1692 haec
340 1629 471 1710 quidem
498 1638 646 1693 accurate
676 1650 805 1712 semper
832 1629 1036 1694 secernenda.
1093 1629 1391 1692 Incitationem
1422 1629 1487 1708 qui-

233 1735 309 1796 dem
330 1729 426 1799 ἅνευ
454 1732 661 1817 προνοίας
683 1755 813 1817 prorsus
834 1744 870 1797 ut
897 1754 956 1816 par
977 1743 1028 1796 est
1049 1735 1230 1810 reiecimus;
1261 1753 1356 1796 nemo
1379 1742 1487 1794 autem

232 1849 267 1902 ut
288 1839 403 1920 opinor
424 1839 590 1914 dubitabit,
614 1841 691 1922 quin
713 1840 929 1922 imprudenter
951 1840 1021 1920 quis
1043 1840 1146 1921 possit
1162 1839 1297 1901 alterum
1311 1837 1488 1900 interficere

230 1945 354 2006 ratione
376 1963 441 2006 non
463 1943 639 2008 manifesta.
683 1944 909 2024 (Reveniemus
933 1944 975 2006 ad
992 1944 1075 2006 hanc
1097 1965 1165 2006 rem
1187 1963 1260 2006 cum
1281 1944 1424 2005 dicamus
1446 1942 1487 2004 de

230 2049 365 2130 Antiph.
390 2068 435 2110 or.
459 2047 507 2110 VI
530 2072 566 2114 π.
589 2072 617 2116 τ.
638 2073 706 2133 χορ.
728 2071 758 2132 p.
784 2050 842 2132 34.)

752 2257 961 2266 ..---

314 2414 481 2477 Poscimur
514 2434 553 2477 ea
582 2436 665 2478 nunc
695 2403 898 2497 quaestione,
934 2435 1031 2495 quam
1059 2433 1155 2495 supra
1184 2415 1227 2495 (p.
1251 2414 1302 2494 21)
1327 2411 1489 2474 soluturos

231 2540 290 2584 nos
322 2540 393 2582 esse
425 2540 535 2583 sumus
568 2521 717 2602 polliciti;
752 2531 849 2602 atque
880 2521 1034 2584 hactenus
1061 2520 1192 2600 quidem
1220 2518 1375 2600 philologi
1404 2537 1487 2579 nunc

230 2625 413 2688 historicam
445 2627 639 2707 quaestionis
664 2636 791 2708 partem
817 2626 1019 2708 ingredimur.
1070 2623 1234 2688 Statutum
1256 2642 1326 2686 esse
1348 2623 1487 2685 vidimus

230 2730 303 2812 lege
335 2731 526 2793 Andocidea
543 2753 549 2794 :
566 2741 610 2806 ut,
644 2733 670 2793 si
701 2733 781 2811 quis,
816 2731 1014 2794 machinatus
1048 2740 1187 2793 mortem
1219 2730 1325 2812 aliqua
1355 2729 1488 2806 ratione,

230 2834 403 2898 hominem·
416 2835 606 2899 interfecerit
635 2837 667 2898 in
697 2838 812 2899 eodem
835 2847 981 2900 teneatur
1003 2858 1040 2899 ac
1069 2837 1094 2899 si
1117 2845 1330 2898 cruentam
1352 2835 1486 2896 caedem

230 2942 452 3004 commisisset.
482 2941 541 3003 Est
563 2941 639 3003 mihi
658 2961 741 3004 nunc
763 2943 1059 3020 demonstrandum,
1082 2944 1164 3004 hanc
1178 2941 1284 3022 legem
1295 2960 1366 3016 non
1380 2938 1486 3000 solum

230 3067 294 3110 non
316 3067 587 3129 supervacaneam
609 3044 704 3109 fuisse
727 3048 785 3109 sed
807 3049 938 3111 omnino
961 3048 1181 3110 necessariam.

314 3151 529 3216 Athenienses
558 3171 626 3213 rem
652 3151 844 3215 iudiciariam
875 3174 940 3217 non
972 3175 1015 3215 ex
1047 3151 1255 3233 systematica
1286 3149 1488 3211 instituerunt

231 3258 352 3320 ratione
381 3258 439 3319 sed
467 3277 511 3319 ex
539 3258 719 3339 empirica:
744 3269 841 3340 prout
866 3259 1071 3321 innotuerunt
1092 3258 1217 3319 diversa
1242 3255 1373 3318 crimina
1402 3272 1489 3315 nova

230 3372 349 3430 statuta
374 3371 447 3425 sunt
474 3363 604 3425 nomina
626 3384 730 3426 novae
752 3365 902 3427 actiones
926 3401 969 3408 —
990 3363 1141 3425 Aeschin.
1165 3362 1180 3423 Ι
1206 3379 1259 3440 13:
1290 3356 1327 3423 ἐκ
1350 3354 1409 3443 γὰρ
1430 3360 1488 3424 τοῦ

230 3461 440 3549 πράττεσθαί
467 3491 539 3532 τινα
571 3450 615 3531 ὧν
646 3459 684 3534 οὗ
712 3471 885 3555 προσῆκεν,
915 3465 951 3532 ἐκ
980 3461 1094 3532 τούτου
1122 3462 1197 3543 τοὺς
1219 3461 1337 3546 νόμους
1359 3459 1486 3550 ἔθηκαν

232 3566 265 3638 οὶ
293 3569 447 3638 παλαιοί.
490 3573 669 3654 Antiphon.
693 3573 725 3636 V
754 3591 805 3652 14:
836 3565 978 3658 ὑπάρχει
998 3571 1058 3655 μέν
1081 3595 1115 3656 γε
1137 3564 1250 3648 αὐτοῖς
1273 3571 1312 3652 (υ.
1336 3570 1488 3657 φονικοῖς

230 3672 355 3762 νόμοις)
385 3671 616 3761 ἀρχαιοτάτοις
645 3669 729 3744 εἶναι
753 3676 787 3743 ἐν
808 3682 846 3765 τῇ
870 3681 910 3765 γῇ
931 3675 1041 3763 ταύτῃ,
1065 3673 1181 3742 ἔπειτα
1203 3673 1275 3753 τοὺς
1295 3669 1408 3752 αὐτοὺς
1430 3670 1484 3739 ἀεὶ

232 3781 309 3866 περὶ
330 3787 394 3848 τῶν
416 3779 531 3867 σίτων,
555 3777 638 3868 ὅπερ
659 3778 814 3872 μέγιστόν
836 3782 905 3850 ἐστι
925 3786 1057 3870 σημεῖον
1071 3776 1178 3864 νόμων
1193 3782 1301 3858 καλῶς
1315 3776 1481 3860 κειμένων.

315 4036 335 4100 ¹)
354 4038 432 4086 Euth.
462 4050 500 4086 ιο.
536 4037 652 4088 Socrates
675 4037 773 4102 quaerit
791 4053 822 4086 ex
846 4038 937 4086 Euth:
958 4040 987 4088 τί
1004 4050 1050 4088 σοι
1067 4028 1218 4104 τεκμήριόν
1236 4034 1310 4086 ἐστιν
1329 4030 1365 4093 ὡς
1381 4026 1487 4093 πάντες

230 4127 258 4176 ot
281 4128 344 4176 θεοὶ
367 4121 503 4194 ἡγοῦνται
528 4126 633 4179 ἐκεῖνον
657 4122 760 4184 ἀδίκως
784 4125 925 4191 τεθνάναι,
952 4117 981 4183 ὃς
1003 4116 1058 4176 ἄν.
1075 4162 1105 4174 ..
1130 4119 1228 4196 φθάσῃ
1252 4116 1414 4187 τελευτήσας
1438 4117 1486 4174 dmi

229 4231 258 4265 τε
281 4210 316 4265 τὰ
336 4210 434 4284 δεσμά,
456 4217 526 4286 πρὶν
551 4212 599 4266 τὸν
622 4209 795 4281 ξυνδήσαντα
813 4212 890 4286 παρὰ
911 4214 967 4266 τῶν
983 4213 1121 4282 ἐξηγητῶν
1138 4216 1204 4284 περὶ
1223 4207 1310 4265 αὐτοῦ
1328 4215 1486 4278 πυθέσθαι,

228 4307 257 4355 τί
270 4298 325 4374 χρὴ
342 4309 443 4356 ποιεῖν.
