3352 4994
114 1629 120 1633 ,
223 1564 283 1760 ln
306 1590 344 1633 ea
366 1571 441 1634 iuris
464 1572 550 1635 attici
572 1580 664 1652 parte
687 1589 770 1652 quae
793 1570 834 1632 ad
857 1570 973 1636 caedes
1002 1571 1139 1652 pertinet
1169 1579 1201 1634 et
1222 1570 1478 1634 testimoniorum

282 1674 407 1756 plenior
437 1695 534 1757 quam
564 1677 595 1739 in
624 1676 753 1757 reliquis
782 1676 924 1756 suppetit
954 1675 1117 1752 materies,
1144 1695 1250 1757 neque
1278 1675 1378 1739 deluit
1407 1675 1482 1738 huic

223 1780 405 1862 provinciae
445 1781 616 1844 doctorum
652 1781 818 1844 hominum
855 1780 995 1843 studium
1035 1788 1090 1843 aut
1125 1780 1275 1848 sollertia.
1330 1778 1479 1861 Quorum

128 1890 134 1898 '
223 1885 348 1947 acribus
385 1895 418 1948 et
454 1886 659 1968 diligentibus
691 1884 930 1968 quaestionibus
960 1904 1156 1966 quamquam
1186 1883 1306 1948 fructus
1335 1887 1398 1949 iam
1427 1887 1480 1948 de-

223 1990 337 2052 bemus
371 2011 436 2052 non
468 1992 676 2074 spernendos,
710 2000 820 2055 tamen
849 1989 987 2052 multum
1018 1990 1124 2052 adhuc
1153 1991 1245 2054 abest
1276 1999 1311 2053 ut
1338 1991 1479 2054 adeum

223 2093 319 2159 finem
351 2107 542 2179 perventum
578 2099 627 2172 sit,
664 2098 695 2159 in
724 2116 789 2178 quo
822 2104 898 2177 post
934 2115 1003 2158 rem
1038 2094 1219 2158 consectam
1255 2095 1349 2159 liceat
1384 2097 1478 2159 nobis

223 2201 439 2280 acquiescere.
462 2240 501 2250 —

308 2305 469 2388 Imprimis
499 2328 562 2370 una
591 2326 642 2369 res
671 2306 766 2370 elusit
787 2315 935 2369 strenuos
966 2305 1072 2386 quiin
1094 2325 1132 2367 ea
1156 2305 1416 2386 impenderentur
1438 2306 1480 2370 la-

221 2411 319 2473 bores
345 2413 613 2493 pertinaciterque
642 2412 673 2473 in
702 2431 826 2475 errores
855 2419 888 2474 et
908 2409 1002 2472 devia
1023 2410 1158 2472 deduxit
1180 2431 1292 2474 omnes
1322 2412 1376 2492 qui
1409 2431 1481 2474 eam

220 2526 506 2598 persequerentur;
530 2513 730 2599 βουλεύσεως
751 2517 823 2579 dico
847 2517 1015 2590 actionem,
1040 2535 1122 2596 quae
1145 2535 1188 2578 ex
1210 2517 1341 2596 antiqua
1363 2515 1480 2579 forensi

221 2623 453 2685 consuetudine
489 2623 676 2685 insidiosum
715 2621 834 2703 aliquid
868 2631 965 2702 atque
997 2619 1156 2703 perfidum
1188 2639 1290 2701 usque
1324 2623 1365 2684 ad
1396 2623 1482 2686 hunc

222 2726 309 2788 diem
331 2728 457 2790 videtur
479 2729 538 2792 sibi
560 2729 734 2792 retinuisse.
772 2726 831 2790 Sat
853 2727 973 2790 multae
995 2747 1033 2788 ac
1055 2726 1199 2789 diversae
1222 2727 1262 2789 de
1282 2746 1321 2789 ea
1336 2727 1481 2808 prolatae

222 2841 297 2894 sunt
325 2833 507 2914 opinionem
539 2843 679 2915 postque
705 2833 820 2914 longas
849 2833 980 2894 demum
1009 2831 1225 2894 dubitationes
1257 2851 1295 2894 ea
1331 2833 1482 2896 omnibus

221 2938 362 3019 probata
376 2949 426 3002 est
441 2940 607 3014 sententia,
625 2960 721 3021 quam
737 2939 859 3020 primus
875 2937 1009 3019 protulit
1023 2936 1356 3019 Forchhammerus1)‚
1381 2957 1479 3018 quam

221 3044 415 3107 novissimus
446 3045 600 3126 exposuit
630 3053 727 3126 atque
759 3044 937 3106 uberrimus
965 3042 1102 3123 Philippi
1110 3042 1145 3124 ²).
1189 3041 1242 3104 Ex
1264 3041 1324 3105 hac
1346 3043 1479 3122 vulgata

222 3149 382 3212 sententia
403 3189 442 3196 -
469 3169 552 3230 quae
573 3149 649 3212 mihi
672 3150 801 3231 quidem
827 3169 870 3211 ex
891 3147 1040 3210 omnibus
1061 3146 1246 3228 longissime
1268 3168 1287 3210 a
1304 3169 1382 3212 vero
1397 3150 1481 3212 vide·

220 3261 275 3316 tur
294 3254 407 3317 abesse
426 3291 467 3301 -
489 3249 688 3338 βουλεύσεως
708 3255 828 3317 crimen
850 3254 934 3315 idem
958 3252 1115 3334 estquod
1137 3255 1224 3334 apud
1247 3273 1306 3316 nos
1327 3264 1479 3318 vocatur:

224 3358 471 3423 »intellectuelle
493 3359 775 3423 Urbeberschaft«.

308 3463 382 3526 Hoc
405 3465 538 3528 actionis
559 3485 677 3527 nomen
698 3464 852 3545 quoniam
874 3485 892 3526 e
915 3471 1026 3526 nostro
1048 3464 1115 3525 iure
1139 3463 1341 3544 deprompsit
1362 3462 1481 3526 Forch-

218 3568 424 3644 hammeruS,
453 3591 518 3633 non
547 3571 708 3633 immerito
737 3571 876 3633 indidem
907 3566 1050 3631 definitio
1080 3588 1211 3650 quoque
1240 3568 1322 3632 illius
1342 3569 1481 3631 criminis

216 3674 349 3737 videtur
371 3696 441 3740 esse
463 3677 647 3760 repetenda.
684 3675 829 3764 Habetur
849 3683 957 3737 autem
977 3682 1106 3736 »auctor
1121 3673 1359 3738 intellectualis«
1385 3675 1411 3736 is
1426 3676 1480 3756 qui

218 3781 421 3862 excogitavit
450 3783 579 3863 quidem
609 3781 756 3845 facinoris
785 3781 962 3854 consilium,
999 3780 1085 3841 idem
1115 3789 1223 3842 autem
1252 3801 1317 3842 non
1346 3779 1481 3861 perfecit

217 3890 308 3970 ipse;
348 3891 522 3969 respondet
554 3890 582 3951 ei
622 3897 752 3951 »auctor
789 3887 981 3968 physicus«,
1021 3886 1074 3965 qui
1114 3887 1262 3949 incitatus
1297 3886 1338 3948 ab
1377 3885 1479 3947 altero

214 3991 451 4077 perficiendum
479 3993 600 4058 facinus
631 3995 772 4075 suscepit
794 3992 967 4075 prudenter
988 3999 1086 4071 atque
1109 4011 1183 4053 cum
1205 3990 1347 4053 consilio
1389 3991 1480 4070 Ergo

309 4204 331 4269 ¹)
348 4207 388 4254 De
405 4208 499 4271 Areop.
518 4222 569 4256 non
587 4206 652 4271 priv.
690 4204 773 4254 Kiliae
794 4203 866 4263 1828,
887 4221 912 4268 p.
932 4216 974 4265 31.

309 4293 332 4359 ²)
349 4297 470 4360 Areopag
489 4313 515 4344 u.
530 4295 654 4359 Epheten.
693 4294 777 4342 Berlin
799 4292 872 4352 1874,
892 4309 917 4356 p.
937 4301 1049 4354 29-51.
