3352 4994
733 283 921 328 ..2-

199 439 291 500 unius
322 438 460 502 criminis
489 439 553 501 duo
576 446 649 501 sunt
671 445 829 515 auctores,
852 457 989 518 quorum
1013 451 1147 518 uterque
1169 441 1200 502 in
1222 441 1270 502 ius
1291 440 1471 504 vocandus

199 546 290 627 esu).
338 542 422 607 Satis
453 553 562 606 autem
593 543 736 605 miranda
764 541 845 604 haec
873 536 1072 626 βουλεύσεως
1104 545 1249 607 videatur
1281 545 1382 622 actio;
1413 546 1455 607 ad

198 650 297 713 talem
320 650 403 712 enim
427 649 555 731 respicit
576 669 704 721 casum,¹
729 647 782 726 qui
805 656 940 728 propter
960 643 1121 710 raritatem
1144 650 1274 731 propria
1295 648 1368 730 lege
1391 670 1455 714 non

198 757 282 819 solet
311 754 415 818 caveri
437 755 495 816 nisi
518 755 549 816 in
571 754 708 828 civitate,
739 772 821 832 quae
844 762 920 833 post
942 752 1073 834 longam
1095 754 1168 816 iuris
1189 754 1453 818 exercitationem

199 861 424 941 variorumque
462 879 594 923 casuum
635 859 851 939 cognitionem
895 857 1106 938 singularibus
1153 859 1216 921 iam
1263 857 1454 922 facinoribus

200 977 297 1048 atque
321 987 340 1028 a
362 965 485 1046 vulgari
507 963 736 1026 consuetudine
759 964 890 1025 remotis
912 963 1112 1043 praeviderit.

244 1147 248 1156 ἢ
285 1072 424 1134 Romani
446 1080 531 1132 certe
554 1090 626 1132 sero
648 1070 779 1132 demum
802 1067 949 1131 adhunc
971 1088 1081 1131 casum
1104 1079 1324 1150 respexerunt.
1366 1069 1455 1133 Anti·

199 1179 270 1258 quis
291 1175 491 1256 temporibus
514 1177 580 1238 eius
602 1157 758 1237 rationem
780 1193 844 1236 non
867 1173 1047 1236 habuerunt
1055 1174 1091 1255 ²);
1116 1194 1221 1254 neque
1242 1175 1274 1237 in
1296 1176 1456 1257 regiarum

199 1283 309 1364 legum
338 1281 476 1361 reliquiis
499 1301 602 1361 neque
625 1281 656 1342 in
677 1279 846 1342 duodecim
867 1279 984 1341 tabulis
1007 1278 1108 1340 ullum
1129 1281 1197 1342 eius
1219 1281 1263 1342 rei
1284 1280 1453 1360 vestigium

200 1396 324 1462 exstat;
348 1395 423 1468 post
446 1383 650 1467 quaestiones
671 1392 844 1466 perpetuas
866 1386 1025 1447 institutas
1046 1385 1178 1447 demum
1200 1386 1305 1448 edicta
1319 1383 1455 1448 fortasse

199 1494 231 1554 in
260 1492 344 1554 hunc
372 1511 501 1572 quoque
531 1511 640 1553 casum
670 1491 977 1567 animadverterunt;
1009 1490 1230 1552 mandatorem
1260 1491 1345 1553 enim
1366 1510 1455 1572 spec·

199 1606 269 1660 tant
301 1595 457 1658 formulae
487 1595 762 1677 frequentissimae
796 1597 904 1658 »cuius
933 1606 1030 1676 opera
1059 1596 1191 1658 consilio
1220 1597 1325 1659 malo«
1360 1595 1411 1678 (L.
1439 1613 1450 1658 1

199 1705 221 1782 ξ
248 1719 258 1762 1
292 1701 367 1781 Dig.
397 1702 438 1763 ad
460 1700 559 1781 1.Jul.
583 1701 740 1768 maiestat.
763 1701 813 1776 48,
837 1701 880 1781 4),
916 1701 991 1782 »qui
1017 1701 1166 1764 iusserit«
1200 1701 1248 1784 (L.
1273 1715 1291 1782 7
1314 1701 1389 1780 Dig.
1413 1702 1454 1764 ad

199 1808 220 1871 l.
246 1806 306 1887 Jul.
337 1808 367 1868 d.
398 1807 429 1867 vi
459 1805 545 1887 publ.
569 1807 620 1882 48,
640 1807 681 1887 6),
702 1791 889 1868 'mandatu
919 1807 1072 1869 alicuius«
1107 1806 1155 1886 (L.
1184 1823 1216 1867 11
1243 1809 1263 1887 ξ
1288 1824 1304 1886 3
1326 1807 1401 1888 Dig.
1424 1809 1454 1870 d.

200 1913 288 1975 iniur.
321 1920 352 1975 et
383 1911 457 1976 fam.
487 1911 539 1973 lib.
569 1927 621 1991 47,
656 1913 716 1991 10),
751 1911 826 1992 »qui
852 1913 994 1974 curavit<
1023 1911 1074 1994 (L.
1098 1913 1118 1973 6
1142 1915 1162 1991 ξ
1184 1930 1205 1988 4
1226 1911 1301 1992 Dig.
1325 1912 1355 1973 d.
1380 1911 1455 1976 bon.

201 2019 343 2080 damnat.
366 2018 418 2094 48,
443 2016 508 2098 20).
553 2015 637 2078 Sane
667 2017 708 2077 ad
737 2017 958 2079 mandatorem
983 2018 1147 2097 respicitur
1168 2016 1216 2079 his
1239 2016 1398 2092 formulis;
1422 2025 1455 2078 at

200 2123 330 2203 semper
360 2124 419 2184 erit
440 2123 623 2195 tenendum,
648 2120 736 2202 leges
759 2120 828 2183 illas
850 2141 908 2202 per
929 2121 1224 2185 iurisconsultorum
1247 2123 1352 2184 studia
1373 2122 1455 2184 tradi

200 2229 293 2291 nobis
315 2229 401 2290 varie
423 2228 487 2289 iam
509 2225 642 2289 inflexas
664 2235 761 2307 atque
786 2233 935 2288 mutatas.
976 2227 1066 2308 Ergo
1086 2227 1118 2289 in
1139 2228 1237 2290 dubio
1259 2237 1318 2303 est,
1349 2237 1455 2290 utrum

199 2335 242 2396 ab
279 2333 339 2395 illis
376 2334 503 2395 additae
538 2334 600 2394 sint
631 2352 689 2393 eae
722 2330 877 2393 formulae
914 2351 954 2393 an
990 2329 1106 2394 fuerint
1140 2333 1204 2395 iam
1241 2334 1454 2415 antiquitus³).

199 2440 334 2503 Etiamsi
377 2448 485 2502 autem
529 2438 684 2518 genuinae
722 2457 792 2499 esse
828 2439 1061 2506 conceduntur,
1109 2446 1218 2500 tamen
1253 2439 1316 2501 hoc
1356 2459 1454 2500 unum

200 2546 430 2618 demonstrant,
460 2543 543 2606 hanc
572 2542 623 2605 vel
652 2541 739 2604 illam
769 2541 875 2623 legem
904 2543 967 2604 iam
997 2562 1124 2604 curasse
1155 2545 1393 2616 mandatorem;
1424 2545 1455 2605 in

202 2649 383 2712 universum
413 2669 477 2710 non
505 2650 654 2710 distincta
681 2657 755 2710 sunt
777 2668 796 2708 a
819 2647 947 2727 reliquis
970 2669 1008 2708 ea
1030 2648 1161 2709 crimina
1183 2667 1267 2727 quae
1289 2648 1330 2710 ab
1352 2648 1455 2710 altero

201 2755 349 2817 incitatus
373 2754 444 2834 quis
462 2753 697 2836 commiserit4).
739 2749 837 2832 Quod
859 2752 998 2832 quidem,
1023 2772 1207 2833 quanquam
1227 2753 1258 2814 in
1273 2762 1454 2816 transcursu

201 2860 397 2923 monendum
420 2859 495 2922 mihi
518 2869 595 2933 erat,
619 2879 657 2921 ac
679 2859 787 2919 nescio
809 2877 850 2919 an
871 2857 933 2920 hac
956 2859 1018 2920 iam
1040 2858 1293 2921 consideratione
1316 2859 1455 2940 suspicio

133 3034 135 3038 ,
200 2976 310 3029 nostra
332 2965 446 3027 merito
468 2974 650 3039 moveatur;
674 2965 728 3024 vix
746 2963 830 3024 enim
845 2964 991 3026 videatur
1003 2962 1174 3025 verisimile
1188 2962 1327 3026 Athenis
1344 2965 1455 3044 quinto

199 3073 263 3135 iam
285 3071 414 3135 saeculo
444 3071 606 3152 propriam
634 3068 741 3150 legem
763 3076 917 3131 statutam
940 3089 1010 3130 esse
1033 3068 1063 3129 in
1086 3069 1183 3130 talem
1206 3089 1326 3144 casum,
1358 3088 1456 3150 quem

200 3179 339 3241 Romani
362 3178 481 3259 passim
504 3185 628 3239 tantum
651 3185 747 3255 atque
769 3196 842 3237 sero
864 3176 1166 3240 animadverterunt.

285 3285 354 3346 lam
383 3271 424 3345 ad
446 3284 550 3364 ipsam
573 3301 640 3344 rem
663 3282 798 3361 regressi
820 3281 851 3342 in
875 3279 1007 3361 vulgata
1029 3279 1179 3360 opinione
1201 3276 1366 3341 referenda
1388 3299 1456 3361 per·

200 3409 329 3471 gamus:
363 3388 497 3469 Duplex
517 3387 615 3469 vulgo
645 3395 776 3468 putatur
803 3379 992 3469 βούλευσις,
1020 3404 1092 3447 cum
1123 3386 1217 3464 enim,
1241 3385 1329 3465 quod
1360 3403 1456 3448 nemo

202 3495 311 3571 nescit,
338 3495 404 3557 duo
433 3494 496 3556 sint
526 3492 664 3556 Athenis
695 3490 841 3553 caedium
870 3510 988 3571 genera
1017 3498 1137 3552 statuta
1168 3485 1280 3576 (φόνος
1310 3483 1458 3570 ἑκούσιος

288 3746 308 3814 ¹)
328 3748 402 3806 Geib,
429 3747 565 3796 Stralrecht
584 3763 609 3811 p.
628 3757 678 3810 320
696 3759 734 3808 sq.
755 3769 789 3778 -
806 3742 908 3806 Abegg,
936 3741 1031 3790 Archiv
1049 3742 1075 3792 d.
1094 3741 1215 3794 Crim.·R.
1241 3743 1314 3803 1841,
1339 3761 1366 3808 p.
1392 3743 1452 3807 396.

201 3839 289 3887 Anton
307 3839 397 3894 Bauer,
417 3836 486 3885 Abh.
506 3852 551 3886 aus
569 3837 594 3887 d.
613 3833 700 3884 Stralr.
722 3834 732 3880 l
752 3849 777 3897 p.
795 3843 853 3894 430.

287 3925 309 3991 1)
328 3927 480 3984 Mommsen,
496 3925 571 3974 Rom.
590 3922 682 3972 Gesch.
701 3920 742 3969 ed.
762 3931 793 3981 7,,
817 3919 863 3969 Bd.
882 3920 894 3967 l
916 3919 971 3979 148.

287 4014 308 4080 3)
326 4013 413 4064 Sanio.
431 4014 464 4062 ad
482 4014 532 4076 leg.
549 4012 649 4062 Cornel.
667 4010 693 4058 d.
714 4009 784 4061 sicar.
803 4015 827 4057 et
845 4008 928 4058 venes.
950 4009 961 4056 l
979 4024 1004 4071 p.
1024 4007 1084 4056 Vll.

286 4102 309 4169 4)
328 4102 403 4162 Rein,
430 4103 506 4152 Rom.
532 4099 703 4151 Cum-Recht
727 4115 754 4162 p.
778 4096 837 4159 185:
874 4095 956 4146 Einen
982 4095 1149 4158 allgemeinen
1173 4096 1315 4145 Grundsatz
1339 4095 1391 4143 und
1416 4095 1456 4144 ein

200 4192 424 4258 durchgreifendes
450 4190 549 4255 Princip
577 4191 638 4238 tiber
665 4187 706 4236 die
734 4184 900 4236 Stralbarlreit
926 4184 971 4234 des
997 4183 1105 4234 Thiiters
1133 4185 1185 4233 und
1208 4183 1253 4232 der
1278 4183 1373 4232 andern
1399 4182 1457 4232 Mit-

201 4282 348 4332 wirkenden
366 4282 436 4330 hatte
454 4281 499 4329 das
517 4279 591 4328 Rom.
610 4276 693 4325 Recht
710 4274 788 4324 nicht.
