3352 4994
777 345 966 409 „9-

238 494 355 558 deinde
383 492 565 576 βουλεύειν,
594 497 818 559 consilium
845 497 999 573 moliri,
1030 501 1204 582 opponitur
1233 501 1497 583 perficiendo

238 596 408 683 (πράττειν
420 603 554 682 ποιεῖν),
570 609 605 664 ut
619 609 770 664 conatum
785 601 942 683 significet
957 603 1023 684 (cir.
1041 624 1072 686 p.
1089 621 1126 685 17
1138 614 1216 669 nota
1231 609 1277 687 2);
1295 610 1388 672 tertia
1400 611 1496 672 etiam

240 714 289 768 est
309 705 475 768 antithesis
495 700 729 790 βουλεύσας
751 701 995 773 ι’ποκτείνω
1019 709 1190 795 -χειρὶ
1214 708 1498 796 ἐργαζόμενος

237 804 383 878 ἀποκτ.
412 811 552 892 (Andoc.
577 812 591 874 Ι
620 813 674 892 84)
703 833 786 895 quae
815 814 945 895 quidem
972 823 1138 895 postrema
1167 819 1345 896 quaestioni
1368 828 1496 882 nostrae

238 916 427 1008 gravissima
445 937 587 980 errorem
610 918 735 1000 peperit
755 939 877 992 eorum,
899 919 952 999 qui
975 911 1142 1001 βουλεύειν
1164 921 1343 1003 significare
1365 933 1497 987 censent

241 1021 419 1089 »incitare«.
449 1021 532 1085 Cum
547 1023 631 1086 enim
648 1020 734 1105 χειρὶ
749 1017 926 1106 ἐργάζομαι
942 1023 1146 1107 intellegatur
1162 1025 1389 1110 vulgo=ipse
1405 1029 1496 1092 inter-

235 1127 320 1202 ficio,
344 1129 491 1190 nimirum
512 1123 657 1209 βουλεύω
672 1128 770 1191 debet
785 1149 870 1192 esse:
897 1130 1012 1193 »incito
1027 1130 1181 1193 aiterum«
1199 1130 1250 1194 vel
1269 1131 1415 1196 »alterius
1431 1155 1495 1216 ope

237 1243 341 1295 utor«.
383 1233 497 1313 Itaque
518 1242 623 1296 totum
646 1234 754 1298 iocum
780 1223 852 1299 >cdv
873 1231 1094 1316 βουλεύσαντα
1109 1232 1143 1300 ἐν
1156 1237 1202 1319 τῷ
1217 1229 1305 1322 αὐτῷ
1321 1232 1495 1318 ἐνέχεσθαι

236 1337 295 1402 καὶ
315 1333 372 1404 τὸν
391 1341 433 1425 τῇ
454 1338 538 1421 χειρὶ
563 1333 796 1422 ἐργασάμενονι
822 1349 985 1403 vertamus
1002 1360 1132 1404 necesse
1148 1351 1213 1404 est:
1237 1342 1268 1404 Is
1285 1344 1339 1424 qui
1354 1344 1496 1407 incitavit

238 1443 375 1506 alterum
397 1445 428 1506 in
450 1446 566 1508 eodem
588 1454 735 1508 teneatur
753 1453 850 1526 atque
872 1445 898 1508 is
920 1445 974 1525 qui
997 1467 1064 1508 rem
1086 1445 1228 1529 perfecit.
1266 1453 1373 1529 Atque
1395 1448 1494 1530 vulgo

235 1547 299 1612 hoc
321 1549 491 1631 probatur;
515 1551 604 1632 quod
626 1551 653 1614 si
675 1571 788 1613 verum
809 1558 868 1628 est,
892 1569 925 1612 re
947 1571 1023 1614 vera
1047 1551 1203 1614 habemus
1224 1548 1424 1635 βουλεύσεως
1446 1575 1494 1616 ac·

235 1655 358 1717 tionem
383 1655 610 1719 instituendam
632 1656 663 1718 in
686 1675 769 1730 eum,
800 1655 853 1734 qui
876 1655 1042 1717 consilium
1066 1655 1212 1720 facinoris
1235 1657 1494 1725 subministravit.

321 1760 370 1822 At
399 1761 536 1842 primum
566 1761 695 1841 quidem
724 1760 839 1822 dubius
868 1759 986 1823 haereo
1014 1782 1091 1824 num
1121 1754 1287 1845 βουλεύειν
1307 1763 1369 1824 dici
1391 1764 1493 1845 possit

235 1867 276 1929 de
309 1866 505 1928 »incitando«
541 1864 690 1948 (Philippi
719 1886 750 1947 p.
778 1881 820 1944 29
847 1864 1058 1948 Anstiitung).
1107 1865 1280 1930 Obiectum
1314 1870 1399 1931 enirn
1428 1889 1493 1932 non

236 1990 345 2034 secum
375 1971 473 2034 habet
503 1970 580 2034 iliud
610 1970 746 2034 verbum
775 1971 833 2032 nisi
864 1989 948 2033 rem:
988 1965 1176 2057 ἐπιβουλήν,
1208 1963 1316 2058 φόνον,
1347 1966 1492 2039 θάνατον

237 2076 288 2140 vel
318 2076 382 2140 tale
411 2076 546 2157 aliquid;
577 2067 722 2159 βουλεύω
749 2067 823 2139 τινά
844 2075 1019 2138 inauditum
1043 2086 1101 2138 est.
1145 2076 1210 2140 Ubi
1232 2088 1342 2141 autem
1364 2098 1493 2142 revera

235 2183 334 2246 verba
349 2182 429 2246 fiunt
444 2182 485 2244 de
500 2202 540 2246 eo
558 2183 611 2262 qui
627 2181 767 2243 incitavit
781 2179 917 2243 alterum
933 2189 988 2242 aut
1003 2183 1169 2262 persuasit,
1187 2182 1249 2245 alia
1263 2203 1393 2265 semper
1407 2205 1493 2247 usur·

233 2297 350 2369 pautur
366 2289 480 2352 verba:
502 2279 630 2361 κελεύω,
655 2277 935 2368 παρακελεύομαι,
957 2279 1131 2351 ε’πιτάττω.
1179 2287 1275 2353 Dem.
1293 2301 1341 2366 54,
1360 2302 1415 2367 25:
1442 2282 1492 2353 ὅτι

233 2395 279 2479 τῷ
301 2389 482 2474 πατάξαντι
505 2387 640 2458 τύπτειν
654 2385 1020 2472 παρακελεύσατο.
1062 2391 1268 2456 Democritus
1289 2394 1375 2476 apud
1399 2391 1490 2456 Stob.

233 2516 285 2576 44,
314 2516 367 2580 19:
399 2492 557 2582 κιξάλλην
585 2496 642 2563 καὶ
673 2496 790 2582 λῃστὴν
815 2492 952 2558 κτείνων
976 2518 1025 2573 τις
1047 2486 1161 2582 ἀθῷος
1181 2487 1221 2563 ἀν
1243 2491 1295 2584 εἴη
1318 2497 1373 2564 καὶ
1394 2493 1490 2564 αύτο-

236 2601 323 2686 χειρί
335 2602 414 2688 ῃκαὶ
430 2597 607 2668 κελεύων
622 2600 806 2688 καὶψήφιμ,
835 2601 919 2664 Νον.
936 2617 993 2678 142
1011 2623 1037 2664 c.
1055 2618 1085 2664 1:
1102 2598 1178 2679 τοὺς
1194 2597 1490 2684 ἐπιτάξοντας.

236 2709 406 2774 »Imitare«
439 2711 535 2791 igitur
564 2711 672 2771 statim
702 2707 933 2770 removendum
963 2727 1033 2769 esse
1062 2727 1159 2769 nemo
1191 2729 1256 2772 non
1277 2710 1380 2786 videt;
1396 2713 1490 2790 ‚quod

233 2815 363 2894 quidem
391 2815 514 2879 tollitur
543 2815 705 2889 mendum,
735 2815 762 2875 si
788 2814 860 2892 quis
890 2831 964 2873 cum
990 2811 1296 2897 Forchhammero¹)
1326 2809 1492 2899 βουλεύειν

232 2919 367 2983 verbum
381 2923 492 2983 vertit:
514 2929 692 2983 »auctorem
714 2939 784 2982 esse
800 2917 1075 2982 intellectualem«.
1108 2918 1229 2982 Contra
1244 2921 1489 3002 grammaticam

196 3077 199 3084 r
233 3026 363 3106 quidem
392 3027 473 3089 haec
501 3026 606 3087 versio
637 3046 702 3088 non
731 3032 861 3106 peccat;
892 3030 1001 3086 tamen
1030 3044 1095 3086 non
1123 3026 1225 3106 magis
1255 3045 1294 3088 ea
1322 3025 1489 3087 toleranda

232 3138 298 3209 est;
328 3131 416 3213 quod
444 3153 463 3194 e
492 3131 591 3193 totius
622 3130 684 3194 loci
706 3130 864 3193 sententia
885 3124 975 3190 facile
998 3128 1278 3193 demonstrabitur.
1322 3128 1489 3210 Quaecun-

232 3256 296 3318 que
322 3235 407 3299 enim
436 3236 655 3317 interpretatio
680 3236 712 3297 in
741 3255 779 3297 ea
808 3233 881 3315 lege
910 3236 991 3298 duos
1020 3235 1186 3317 distinguit
1210 3233 1373 3310 homines,
1409 3234 1489 3298 falsa

231 3342 342 3424 utique
370 3351 426 3405 est.
466 3343 541 3424 Ipse
565 3341 662 3404 facias
690 3340 855 3415 iudicium;
886 3341 1047 3403 constabit
1073 3352 1149 3421 post
1177 3360 1272 3402 unam
1304 3361 1377 3404 eam
1400 3362 1490 3422 para-

231 3446 392 3529 graphum
421 3447 607 3529 perlectam.
652 3441 748 3509 And(
765 3445 780 3507 I
800 3461 859 3526 94:
889 3443 1043 3529 Μέλητος
1065 3436 1100 3509 δ’
1125 3431 1166 3510 αὗ
1188 3437 1301 3510 οὑτοσί
1322 3439 1488 3531 ἀπήγαγεν

232 3549 292 3617 ἐπὶ
320 3556 384 3618 τῶν
408 3548 582 3636 τριάκοντα
608 3553 752 3632 Λέοντα,
784 3541 828 3626 ὡς
849 3540 942 3630 ὑμεῖς
965 3543 1107 3629 ἅπαντες
1128 3545 1208 3629 ἴστε,
1236 3548 1295 3615 καὶ
1318 3543 1488 3614 ἀπέθανεν

231 3653 354 3736 ἐκεῖνος
376 3649 524 3742 ἀκριτος·
548 3652 604 3720 καὶ
628 3640 722 3731 οὗτος
744 3647 762 3720 ὃ
783 3648 882 3735 νόμος
904 3649 1141 3740 καὶπρότερον
1163 3641 1210 3741 ἦν,
1232 3653 1290 3718 καὶ
1315 3647 1360 3732 ὡς
1379 3656 1488 3731 καλῶς

232 3759 315 3844 ἔχων
344 3763 403 3830 καὶ
424 3765 477 3828 νῦν
499 3758 579 3841 ἐστι,
600 3760 658 3825 καὶ
680 3763 805 3847 χρῆσθε
826 3753 915 3845 αὐτῷ
931 3781 938 3824 :
955 3756 1009 3825 τὸν
1030 3757 1251 3845 βουλεύσαντα
1273 3757 1307 3825 ἐν
1328 3762 1375 3846 τῷ
1396 3751 1486 3845 αὐτῷ

233 3865 407 3949 ἐνέχεσθαι
439 3867 498 3934 καὶ
529 3862 585 3932 τὸν
616 3869 657 3952 τῇ
688 3863 774 3947 χειρὶ
804 3859 1031 3948 ἐργασάμενον.
1081 3867 1172 3947 Ergo
1202 3865 1390 3929 Andocides
1418 3886 1486 3928 rem

138 3961 140 3966 ¹
231 3974 331 4038 habet
355 3995 429 4037 cum
458 3972 596 4048 Melete,
631 3973 685 4052 qui
714 3972 774 4033 sub
803 3970 935 4051 triginta
962 3971 1102 4032 virorum
1136 3971 1321 4034 turbulento
1351 3971 1486 4052 imperio

231 4081 371 4143 coercuit
399 4080 558 4142 Leontem
586 4078 746 4158 mortique
775 4096 849 4138 eum
878 4075 966 4138 dedit
989 4075 1139 4139 insidiosa
1159 4077 1371 4140 accusatione.
1414 4076 1486 4156 Jarn

317 4330 338 4396 ¹)
356 4333 389 4382 D.
406 4332 450 4381 Ar.
468 4347 521 4379 non
538 4345 577 4394 pr.
599 4345 624 4394 p.
641 4343 683 4395 3¹·
