3352 4994
735 323 947 386 ..32-

214 483 454 556 argumentum;
477 476 684 557 constringar,
708 477 738 539 si
756 476 926 558 Antiphon
948 477 1016 558 ipse
1038 475 1122 538 hunc
1145 485 1273 540 secutus
1288 497 1359 540 esse
1374 499 1471 542 usum

214 579 501 656 demonstrabitur;
536 581 562 643 si
591 580 770 645 Andocidis
805 581 942 644 sortasse
977 580 1028 643 vel
1065 580 1145 644 alius
1178 583 1314 646 cuiusvis
1343 593 1474 664 praeter

214 684 333 766 Lysiae
361 684 512 748 afferatur
539 686 766 750 testimonium.
809 687 860 749 Ita
881 705 958 748 vero
981 684 1096 766 Lysias
1120 688 1346 768 quidemlicet
1369 689 1470 754 Areo·

215 792 340 871 pagitas
362 789 573 871 appellaverit
597 777 622 855 ui
644 790 746 874 βουλή
768 829 808 836 -
832 790 908 872 quid
924 790 987 852 hoc
1001 793 1042 853 ad
1057 792 1315 874 Antiphontem?
1343 793 1473 858 Corruit

215 896 403 976 propositi0,
424 898 544 960 corruit
566 906 636 960 tota
665 917 703 960 ea
739 895 911 959 conclusio.
962 895 1065 960 Nobis
1093 897 1156 960 hoc
1182 900 1307 962 videtur
1335 897 1469 963 efficien-

215 1001 307 1062 dum:
345 1000 554 1083 Antiphontis
576 1001 716 1065 oratioI
745 1003 776 1063 in
805 1001 983 1081 Areopago
1012 999 1122 1063 habita
1150 1011 1208 1062 est.
1253 1002 1473 1086 Appellantur

216 1114 324 1168 autem
358 1105 390 1168 in
418 1125 457 1168 ea
486 1107 620 1170 iudices:
652 1095 678 1170 ὦ
707 1096 830 1192 dudone.
880 1105 969 1186 Ergo
1000 1125 1065 1168 non
1093 1105 1267 1187 antiquitus
1295 1109 1471 1190 appellatio

217 1196 244 1275 ὦ
273 1209 375 1293 βουλή
398 1231 495 1293 quam
525 1212 641 1294 Lysias
667 1210 808 1285 exhibet,
839 1212 871 1274 in
900 1232 958 1274 usu
980 1220 1067 1291 erat,·
1094 1230 1175 1293 pace
1196 1209 1470 1292 Areopagitarum

217 1315 387 1397 Antiphon
409 1315 568 1380 allocutus
590 1337 647 1379 eos
669 1326 718 1379 est
744 1302 787 1380 »d
811 1306 985 1399 iivdoagv¹)l

302 1420 369 1482 Iam
400 1441 476 1484 vero
504 1422 645 1484 nondum
668 1441 719 1484 res
741 1421 888 1484 confecta
909 1430 974 1497 est;
997 1421 1175 1483 secundum
1197 1420 1281 1483 enim
1302 1419 1475 1503 Philippu)

217 1526 366 1607 producit
402 1535 636 1606 argumentum,
674 1528 762 1608 quod
795 1525 1069 1588 Forchhammero
1101 1525 1253 1601 debetur;
1293 1526 1345 1588 ille
1386 1528 1471 1589 enim

218 1630 396 1694 enucleavit
424 1629 593 1694 artificiosa
622 1630 701 1713 legis
730 1630 980 1712 Areopagiticae
999 1629 1275 1712 interpretatione:
1299 1650 1471 1695 novercam

218 1736 349 1799 omnino
372 1755 435 1796 non
458 1737 602 1817 potuisse
623 1737 655 1799 in
675 1736 857 1820 Areopago
878 1736 1036 1812 accusari3
1059 1743 1172 1798 contra
1191 1733 1295 1799 iacere
1311 1734 1472 1799 luculenta

219 1840 299 1922 legis
323 1839 437 1902 verba:
466 1833 612 1921 δικάζειν
636 1839 693 1928 τὴν
712 1833 833 1928 βουλήν
857 1887 914 1909 ...
939 1833 1121 1928 φαρμάκων
1143 1836 1201 1906 ἐάν
1220 1864 1270 1918 τις
1292 1835 1472 1930 ἀποκτείνῃ

220 1941 304 2022 δούς.
326 1982 367 1989 -
394 1939 503 2024 »doeg«
530 1947 626 2009 velim
648 1947 885 2010 animadvertas
911 1946 1093 2021 verbulum,
1123 1945 1207 2008 solet
1228 1945 1313 2008 enirn
1335 1955 1473 2029 praeter-

219 2050 332 2126 videri;
356 2049 419 2112 hoc
441 2071 552 2114 ansam
574 2053 663 2117 dedit
684 2053 884 2128 dubitationi,
907 2071 946 2115 ea
964 2053 1049 2115 enim
1071 2051 1113 2114 de
1127 2071 1225 2115 causa
1242 2051 1386 2115 additum
1401 2071 1473 2114 esse

219 2162 265 2224 eis
284 2160 409 2222 videtur
435 2167 489 2220 »ut
508 2179 547 2220 ne
569 2180 659 2221 omne
679 2157 866 2240 veneficium
888 2157 1096 2239 Areopagz'tis
1118 2157 1315 2220 tribueretur
1328 2157 1472 2220 iudican-

220 2267 297 2330 dum
318 2301 362 2311 -—
382 2266 442 2329 sed
460 2265 639 2328 idruntum
662 2314 716 2326 ...
742 2265 831 2346 quod
849 2265 923 2345 quis
945 2285 1005 2326 sua
1021 2284 1119 2326 manu
1134 2283 1289 2325 venenum
1300 2263 1477 2344 porregerit

221 2365 322 2454 (δούς)
336 2371 584 2452 perfecisset³)‹.

307 2477 411 2540 Venia
439 2474 516 2538 mihi
546 2475 586 2538 sit
616 2494 689 2538 curn
718 2474 759 2536 ad
787 2470 962 2536 absurdum
991 2466 1074 2534 hanc
1095 2473 1253 2536 deducam
1280 2470 1360 2552 legis
1383 2472 1474 2535 inter·

221 2582 450 2666 pretationem;
474 2580 515 2642 ad
536 2579 711 2642 absurdum
729 2561 814 2642 enim
828 2574 975 2647 declinat,
991 2591 1096 2654 neque
1111 2572 1249 2636 multum
1264 2576 1336 2638 inde
1351 2577 1476 2639 videtur

221 2689 344 2752 abesse.
381 2687 450 2748 lam
468 2684 572 2766 fingas
589 2684 646 2748 tibi
661 2681 771 2747 c'asum
788 2704 794 2746 :
811 2681 941 2744 molitur
954 2678 1025 2760 quis
1041 2677 1131 2741 alteri
1146 2689 1293 2756 mortem,
1317 2701 1476 2744 venenum

223 2801 398 2873 comparat,
428 2791 587 2854 immiscet
611 2791 686 2852 vino
708 2825 752 2836 -
776 2798 810 2851 at
831 2806 935 2869 neque
956 2785 1025 2868 ipse
1047 2783 1143 2848 offert
1163 2783 1288 2848 tristem
1309 2784 1477 2865 potionem

224 2918 328 2980 neque
357 2898 439 2960 servi
462 2896 655 2958 ministrant:
682 2894 750 2976 ipse
770 2892 996 2956 interimendus
1018 2890 1151 2954 assumit
1169 2889 1332 2972 poculum,
1362 2889 1475 2960 haurit,

224 3005 366 3067 moritur.
418 2999 727 3064 Forchhammerum
759 2998 786 3062 si
817 2998 993 3071 audiamus,
1027 2995 1134 3060 nescio
1167 3014 1209 3057 an
1244 2995 1349 3075 ipsum
1386 2994 1477 3054 inter·

223 3110 344 3173 sectum
371 3107 474 3170 solum
511 3099 692 3192 φαρμάκων
727 3104 867 3169 accusari
905 3102 1048 3183 potuisse
1083 3118 1279 3172 censeamus
1317 3095 1483 3160 veneficus

224 3217 293 3296 ipse
316 3235 358 3277 ex
375 3212 432 3276 tali
453 3214 534 3292 legis
556 3211 816 3294 interpretatione
836 3217 922 3272 certe
938 3226 1002 3269 non
1017 3206 1123 3288 potuit
1137 3224 1209 3266 reus
1224 3202 1300 3277 fieri,
1326 3203 1478 3284 quoniam

225 3339 383 3384 venenum
405 3339 470 3382 non
490 3318 625 3381 dederat
646 3316 724 3398 ipse.
762 3313 892 3378 Falsarn
914 3313 979 3375 vim
1004 3311 1066 3394 legi
1088 3309 1209 3373 illatam
1230 3328 1301 3371 esse
1317 3309 1348 3372 in
1364 3315 1483 3390 aperto¹

225 3434 283 3490 est.
329 3423 475 3488 Obsecro
502 3433 543 3497 te,
578 3441 655 3485 num
683 3421 710 3484 is
739 3429 865 3483 tantum
892 3437 1052 3482 venenum
1082 3415 1209 3478 dedisse
1231 3414 1397 3478 habendus
1419 3421 1479 3488 est,

206 3525 208 3529 ’
226 3530 280 3613 qui
303 3549 398 3593 manu
420 3528 521 3592 altera
543 3547 581 3590 os
603 3526 728 3609 aperuit
742 3525 900 3599 victimae,
922 3521 1035 3586 infudit
1049 3540 1207 3584 venenum
1223 3519 1339 3582 alteral
1362 3517 1482 3580 Nonne·

227 3628 408 3720 φαρμάκων
436 3641 486 3695 est
515 3653 596 3707 reus,
626 3631 807 3713 quicunque
834 3629 941 3708 aliqua
968 3627 1091 3690 ratione
1113 3645 1171 3708 per
1200 3644 1358 3689 venenum
1387 3623 1478 3686 alteri

233 3781 437 3794 .....-.-

312 3855 332 3921 ¹)
351 3856 461 3921 Lipsius,
480 3854 587 3904 Bursian
608 3855 628 3920 J.
646 3855 671 3907 b.
688 3853 739 3906 XV
758 3865 817 3916 290.
852 3851 917 3900 Art.
937 3851 1028 3900 Proc.
1048 3857 1110 3898 uota
1129 3859 1193 3914 529:
1216 3855 1296 3898 »trotz
1313 3845 1358 3896 der
1376 3843 1479 3894 Anrede

227 3939 248 4000 ui
274 3941 373 4017 ἄνδρες
397 3945 428 3995 ist
450 3943 521 3994 nieht
546 3959 576 3992 zu
600 3943 761 4001 beaweiieln,
793 3942 851 3990 dass
881 3939 922 3988 die
952 3937 1025 3989 Rede
1051 3931 1121 3993 κατὰ
1144 3953 1167 3990 r.
1192 3936 1328 4009 μητρυιᾶς
1357 3950 1403 3985 vor
1427 3933 1478 3982 den

228 4039 348 4101 Areopag
364 4035 481 4100 gehdrt«.

312 4121 334 4190 ²)
352 4140 378 4189 p.
395 4136 426 4183 41
446 4129 500 4172 not.
519 4121 561 4187 56.

314 4211 335 4278 κ)
352 4211 558 4270 Forchhammer,
583 4210 618 4259 D.
641 4210 736 4272 Areop.
762 4218 796 4270 30
821 4221 847 4256 n.
869 4217 906 4266 ¹4·
925 4229 959 4242 -
976 4204 1120 4269 Sequuntur
1144 4203 1276 4262 Herrlich,
1303 4202 1392 4252 Verbr.
1411 4215 1437 4263 g.
1453 4197 1485 4248 d.

229 4301 316 4352 Leben
334 4317 359 4366 p.
378 4313 403 4364 9.
440 4300 576 4350 Thalheim
593 4298 618 4348 in
635 4297 723 4348 Herm.
742 4295 786 4345 Gr.
805 4295 865 4343 Aut·
882 4310 908 4358 p.
926 4307 959 4355 42
979 4303 1040 4344 uota
1062 4304 1083 4342 ι.
