3352 4994
712 321 921 367 ...22-

180 469 364 564 εύρύνανιες
398 468 553 561 ἀφανεῖς,
592 473 667 541 δέοι
701 469 744 541 cii
772 471 893 557 στόμια
922 466 944 562 ἢ
972 476 1268 563 περιοικοδομῆσαι
1300 468 1321 565 ἢ
1348 499 1440 561 περι-

183 578 356 666 πωμόσαι,
386 578 470 646 κατά
491 605 564 646 τινα
587 576 696 668 δεινὴν
714 577 883 667 ῥᾳθυμίαν
905 571 926 666 ἢ
945 572 1203 666 φρενοβλάβειαν
1225 573 1281 647 ἐπ’
1307 575 1442 670 ὀλέθρῳ

180 692 277 755 τινῶν
303 681 419 753 εἴασαν
447 681 559 774 ἀχανῆ.
606 685 670 767 Qui
698 687 743 750 ita
772 696 910 749 mortem
939 686 1029 750 alteri
1057 690 1181 770 paravit
1207 709 1337 752 manum
1371 691 1442 770 qui·

180 797 254 859 dem
276 793 486 856 interimendo
505 813 570 856 non
588 793 734 856 admovit
751 812 855 874 neque
876 792 1066 855 iniciendum
1087 813 1161 856 eum
1183 796 1306 858 curavit
1320 816 1379 877 per
1397 796 1438 858 al-

179 910 301 975 terum;
317 917 398 960 unus
412 906 538 961 tantum
553 899 665 960 mortis
681 907 730 960 est
744 906 864 972 auctor,
881 917 1065 978 quanquam
1079 889 1259 981 βουλεύσας
1272 900 1441 970 interfecit.

271 996 442 1068 Βουλεόειν
463 1002 636 1066 illustratur
658 1023 788 1085 quoque
810 1002 855 1064 eis
878 1003 1036 1086 exemplis
1059 1003 1175 1083 quibus
1190 1003 1289 1068 Gaius
1308 1007 1438 1070 demon·

181 1118 263 1172 strat
299 1109 470 1172 »damnum
502 1128 567 1171 non
600 1127 736 1189 corpore
765 1108 908 1170 datum«.
961 1109 1037 1170 Inst.
1072 1107 1122 1170 IV
1152 1125 1180 1187 3,
1214 1110 1251 1172 16
1288 1112 1339 1173 »si
1366 1113 1444 1193 quis

152 1295 154 1300 Ι
183 1215 324 1277 alienum
345 1214 506 1277 lcaminern
528 1215 601 1294 (aut
611 1214 725 1294 pecus)
747 1212 794 1274 ita
816 1213 985 1277 incluserit
1004 1223 1042 1275 ut
1052 1215 1149 1294 fame
1171 1223 1361 1276 necaretur.
1382 1263 1387 1276 .
1406 1265 1439 1278 ..

182 1329 247 1382 ant
273 1320 306 1382 si
334 1319 408 1401 quis
439 1319 544 1382 aliena
566 1338 661 1381 serva
676 1319 884 1398 persuaserit
901 1328 939 1381 nt
956 1318 989 1380 in
1011 1318 1162 1381 arborem
1183 1317 1368 1381 ascenderet
1386 1320 1443 1380 vel

185 1425 218 1486 in
240 1434 374 1506 putenm
401 1423 605 1488 descenderet
631 1422 719 1484 etis
747 1423 947 1486 ascendendo
975 1433 1035 1485 ant
1054 1423 1269 1487 descendendo
1291 1421 1445 1484 ceciderit

185 1540 297 1594 etant
316 1539 462 1593 mortuns
473 1527 585 1606 fuerit
603 1536 663 1589 ant
682 1527 794 1609 aliqua
806 1537 906 1608 parte
924 1529 1067 1610 corporis
1088 1529 1198 1592 laesas
1218 1529 1310 1594 erit«.

270 1636 439 1716 Adiungas
460 1631 648 1714 exemplum
673 1652 715 1694 ex
738 1631 868 1694 historia
890 1633 1081 1697 deductum:
1101 1634 1290 1698 Pausaniam
1312 1652 1386 1695 cum
1408 1631 1442 1694 in

119 1725 120 1730 λ
186 1742 350 1805 Minervae
370 1738 529 1820 templum
552 1736 684 1818 fugisset
705 1733 791 1819 χειρὶ
813 1738 944 1818 quidem
964 1738 1054 1802 nefas
1076 1749 1145 1802 erat
1159 1739 1269 1814 occidi,
1292 1738 1443 1800 nimirum

184 1867 225 1910 ne
257 1847 349 1909 divae
381 1842 491 1907 fanum
520 1842 745 1924 inquinaretur.
798 1840 885 1924 Quid
914 1853 1022 1908 autem
1051 1846 1239 1926 sanguinem
1268 1843 1447 1926 proditoris

185 1952 275 2015 veriti
304 1948 552 2013 Lacedaemonii
581 1947 744 2013 fecerunt?
773 1958 868 2031 porta
897 1951 1009 2033 templi
1038 1950 1204 2015 obstructa
1231 1949 1315 2014 fame
1338 1949 1445 2030 perire

186 2077 260 2121 eum
283 2055 444 2136 cogebant
468 2047 757 2139 (ἐξεπολιόρκησαν
779 2057 825 2140 τῷ
847 2055 934 2142 λιμῷ
956 2055 1188 2137 Thuc.1134),
1210 2066 1280 2120 tum
1308 2057 1442 2118 demum

186 2182 261 2226 eum
291 2160 472 2238 liberantes,
502 2178 576 2222 cum
603 2160 666 2222 iam
696 2160 727 2222 in
756 2160 827 2241 ipso
857 2170 944 2224 esset
972 2163 1153 2225 discrimine
1175 2162 1296 2226 mortis.
1340 2159 1448 2222 Vides

185 2267 282 2349 igitur
311 2267 389 2330 alias
419 2265 536 2328 multas
565 2264 705 2327 rationes
733 2275 862 2345 apertas
891 2287 962 2330 esse
984 2268 1013 2330 ei
1036 2268 1091 2349 qui
1113 2269 1260 2331 manibus
1282 2276 1315 2330 et
1337 2267 1369 2329 vi
1390 2263 1447 2328 ab

187 2375 304 2441 stinere
329 2371 439 2436 voluit.
485 2368 576 2451 Quas
597 2389 711 2433 omnes
732 2371 957 2452 complectitur
983 2372 1118 2436 verbum
1147 2367 1325 2456 βουλεύσας
1352 2372 1444 2434 inter·

188 2480 279 2558 ficio;
301 2478 389 2561 quod
412 2477 542 2556 quidem
563 2475 655 2538 Plato
677 2475 800 2556 optime
823 2475 934 2539 definit
955 2475 1017 2558 leg.
1036 2476 1084 2538 IX
1100 2477 1161 2557 872
1179 2498 1214 2540 a:
1235 2480 1276 2562 σῇ
1289 2469 1444 2562 βουλήσει

191 2608 226 2652 τε
259 2582 316 2649 καὶ
348 2575 577 2664 ἐπιβουλεύσει
611 2571 809 2659 ἀποκτείνας
840 2574 949 2659 αἴσιος
978 2573 1022 2647 ὢν
1050 2578 1109 2646 καὶ
1137 2576 1182 2668 μὴ
1210 2574 1361 2663 καθαρὸς
1388 2575 1451 2666 τὴν

191 2687 299 2777 ψυχήν
332 2690 388 2754 σού
425 2680 527 2775 φόνου
559 2723 600 2732 -
635 2687 833 2768 (quanquam
861 2689 973 2771 χεῖρας
1001 2688 1131 2770 quidem
1169 2681 1326 2770 καθαρός,
1364 2707 1450 2768 quas

188 2797 343 2876 sanguine
363 2813 428 2858 non
448 2793 643 2874 inquinavit).
664 2827 707 2838 —

275 2901 368 2964 Haec
395 2908 570 2982 postquam
599 2900 808 2979 exposuimus
837 2919 935 2962 unum
957 2899 1033 2962 mihi
1055 2908 1105 2962 est
1126 2900 1333 2973 monendum,
1357 2898 1450 2979 quod

191 3016 319 3092 praeter
340 3005 524 3088 opinionem
546 3004 670 3067 accidat
691 3002 827 3066 sortasse
848 3005 902 3066 uni
923 3003 1077 3068 alterive:
1096 3004 1149 3068 ubi
1171 3007 1254 3068 duae
1272 3004 1331 3067 sibi
1346 3021 1448 3084 oppo-

191 3123 309 3178 nuntur
338 3112 476 3176 rationes
498 3106 585 3194 χειρί
607 3146 647 3156 -
669 3102 821 3193 βουλεό
829 3131 919 3194 σας,
947 3111 979 3174 in
1000 3110 1078 3172 hoc
1100 3109 1240 3173 dedolo
1262 3108 1349 3172 malo
1371 3107 1450 3171 nihil

192 3221 290 3295 inest;
317 3238 382 3281 non
411 3215 485 3298 plus
513 3217 595 3279 inest
624 3235 722 3296 quam
752 3215 783 3278 in
811 3216 917 3298 priore
945 3214 1000 3279 illo
1020 3212 1124 3297 χειρί;
1153 3215 1259 3278 solum
1281 3213 1385 3295 agitur
1406 3213 1451 3276 de

191 3324 367 3388 rationibus
396 3320 564 3384 manifesta
592 3357 635 3368 -
663 3340 723 3384 nec
752 3319 928 3384 manifesta.
973 3321 1057 3383 Fieri
1080 3330 1189 3384 autem
1211 3329 1320 3403 potest
1342 3328 1378 3382 ut
1397 3338 1452 3381 oc·

192 3429 277 3493 cidat
307 3429 378 3510 quis
406 3427 543 3491 alterum
575 3416 742 3509 »καθαρός
762 3420 820 3503 τὰς
840 3428 967 3509 χεῖρας(
993 3421 1196 3508 (βουλεύσας)
1220 3445 1324 3507 neque
1338 3434 1450 3488 tamen

192 3533 359 3598 consilium
388 3532 595 3596 interficiendi
621 3529 777 3595 habuerit.
822 3529 922 3594 Velut
950 3529 1194 3612 Euthyphronis
1223 3539 1315 3613 pater
1344 3529 1453 3611 (Plato

191 3636 374 3719 Euthyphr.
386 3639 419 3717 4)
430 3635 594 3700 hominem
610 3637 664 3719 qui
677 3656 806 3700 servum
821 3637 889 3700 eius
900 3637 1071 3711 occiderat,
1083 3637 1226 3700 cruribus
1237 3635 1453 3714 manibusque

192 3745 298 3828 ligatis
325 3744 357 3805 in
387 3741 507 3805 fossam
535 3742 701 3819 iniecerat;
732 3742 866 3806 moritur
889 3740 942 3805 ille
970 3741 1137 3824 neglectus
1169 3732 1370 3824 »indispari
1391 3737 1450 3805 καὶ

191 3851 300 3937 ῥίγους
322 3847 380 3916 καὶ
401 3849 468 3914 τῶν
492 3845 650 3930 despair«.
691 3847 782 3928 Ergo
800 3844 888 3931 χειρὶ
909 3867 983 3910 eum
1005 3867 1070 3911 non
1092 3847 1249 3928 occidit1),
1270 3838 1455 3929 βουλεύσας

193 3961 221 4022 ei
256 3956 369 4021 mortis
401 3951 459 4017 fuit
491 3962 620 4031 auctor;
654 3973 759 4036 neque
792 3962 901 4016 tamen
932 3952 1099 4017 consilium
1128 3953 1192 4016 tale
1221 3952 1342 4028 habuit,
1375 3971 1449 4014 cum

279 4128 299 4197 ¹)
319 4129 393 4180 Euth.
411 4139 443 4188 4:
469 4133 557 4178 ταῦτα
582 4119 617 4192 δὴ
639 4119 690 4178 οὖν
712 4125 758 4177 καὶ
776 4121 921 4193 ἀγανακιᾷ
938 4117 955 4174 ὅ
975 4139 1004 4176 τε
1022 4122 1116 4195 πατὴρ
1132 4126 1180 4176 καὶ
1196 4126 1225 4176 οἱ
1242 4119 1325 4178 ἄλλοι
1343 4124 1454 4206 οἰκεῖοι,

191 4217 236 4273 ότι
261 4217 315 4290 eya
340 4216 412 4289 ὑπὲρ
435 4216 485 4268 τοῦ
507 4207 690 4285 ἀνδροφόνου
715 4214 753 4284 τρῖ
777 4216 864 4285 πατρὶ
883 4207 974 4284 φόνου
991 4212 1183 4285 ἐπεξέρχομαι,
1203 4207 1260 4264 οὔτ’
1280 4207 1453 4264 inuncti·

193 4327 308 4371 νανῐι,
326 4301 362 4367 κός
380 4321 466 4377 φασιν
484 4303 592 4358 ἐκεῖνοι.
