3352 4994
709 307 900 368 ,8-

176 479 343 544 lucremur.
388 475 426 538 ld
453 475 558 539 solum
587 476 694 552 miror,
725 476 813 557 quod
842 496 882 538 ne
913 495 993 538 unus
1024 475 1155 557 quidem
1189 494 1207 537 e
1239 482 1329 539 tanta
1357 475 1435 539 mul-

177 581 319 654 titudine,
350 589 505 659 quantum
535 581 700 644 dissentiat
728 581 769 644 ab
798 580 1054 663 Harpocratione
1077 581 1250 658 notaverit;
1273 583 1434 644 immerito

177 685 263 748 enim
286 683 421 748 fortasse
443 686 474 748 in
496 686 711 767 suspicionem
730 687 868 749 incidere
890 694 1035 768 possunt,
1059 687 1147 767 quasi
1167 686 1298 768 omnino
1317 686 1349 748 id
1370 706 1435 749 non

178 789 466 854 animadverterint.
553 869 554 876 ρ

220 934 223 940 ’
261 915 354 978 Nunc
391 933 451 995 age
488 912 655 994 limpidum
687 915 826 989 fontem,
865 936 907 979 ex
942 935 1008 996 quo
1037 916 1213 979 hauserunt
1245 915 1305 990 illi,
1343 917 1435 986 adea„-

178 1040 279 1082 mus:
303 1028 447 1083 oratores
478 1018 604 1085 atticos.
652 1018 754 1083 Caute
784 1041 863 1082 vero
893 1040 952 1083 nec
980 1029 1102 1084 temere
1133 1041 1202 1084 rem
1232 1021 1436 1084 moderemur

177 1144 308 1188 necesse
330 1134 388 1200 est,
410 1143 483 1185 cum
505 1123 537 1185 in
559 1124 667 1188 subtili
688 1125 868 1189 discrimine
890 1145 1064 1189 versemur.

263 1241 441 1326 Βούλευσις
470 1268 568 1328 quam
598 1251 780 1330 quaerimus
802 1252 872 1333 ipsa
893 1253 981 1333 apud
1003 1260 1147 1314 oratores
1169 1271 1327 1332 nusquam
1349 1272 1434 1332 com-

178 1364 383 1431 memoratur,
416 1353 603 1434 saepissime
634 1365 743 1419 autem
777 1359 915 1420 occurrit
945 1357 1080 1420 verbum
1115 1350 1289 1439 βουλεύειν.
1344 1356 1434 1439 Ergo

179 1452 379 1540 βουλεύσεως
407 1465 567 1526 actionem
595 1483 679 1526 nunc
702 1462 832 1542 quidem
862 1462 1026 1537 mittimus,
1051 1462 1180 1524 redituri
1203 1464 1338 1525 adeam
1361 1481 1435 1525 cum

178 1565 219 1626 de
246 1565 346 1629 verbo
375 1567 524 1631 iudicium
554 1569 747 1645 constiterit;
775 1567 807 1628 in
829 1567 921 1630 huius
944 1576 1032 1632 recta
1053 1567 1315 1649 interpretatione
1336 1568 1435 1630 totius

178 1671 373 1751 quaestionis
393 1682 538 1737 versatur
559 1675 667 1739 carde.

263 1796 314 1859 De
337 1799 482 1862 universa
503 1799 585 1862 illius
608 1798 738 1862 notione
760 1817 825 1859 non
847 1797 1026 1875 dubitatur;
1051 1807 1084 1860 et
1098 1796 1238 1879 simplex
1250 1796 1386 1859 verbum
1402 1806 1435 1860 et

179 1902 396 1982 compositum
426 1898 651 1989 ἐπιβουλεύειν
679 1902 881 1985 significant:
898 1902 1031 1965 consilio
1062 1901 1181 1983 aliquid
1211 1901 1331 1978 moliri,
1371 1923 1434 1965 ma·

177 2003 307 2073 chinari.
341 2007 581 2091 Antiph.126:
605 2010 624 2089 ἡ
646 2007 706 2091 μὲν
727 2002 789 2094 γὰρ
811 2001 969 2085 ἑκουσίως
990 2005 1047 2071 καὶ
1069 2000 1274 2090 βουλεύουσα
1295 1999 1350 2072 τὸν
1371 2003 1435 2072 θά-

177 2132 353 2194 νατον...,
377 2105 395 2180 ὃ
417 2106 450 2178 δ’
475 2110 639 2192 ἀκουσίως
659 2112 718 2179 καί
741 2109 864 2196 βιαίως
887 2104 1054 2177 ἀπέθανε·
1078 2119 1108 2178 Γ
1118 2119 1185 2200 β.7
1207 2114 1349 2199 καθαρῷ
1375 2110 1436 2194 μέν

177 2238 237 2296 μοι
272 2217 329 2304 τῆς
365 2215 476 2298 αἰτίας
507 2211 576 2286 itm
615 2213 716 2305 φόνον
756 2211 1024 2299 ἐπιβουλεύοντες
1047 2269 1052 2282 .
1078 2269 1084 2282 .
1111 2269 1117 2282 .
1147 2219 1226 2304 περὶ
1267 2212 1323 2285 τὸν
1358 2212 1436 2285 θεὸν

180 2310 363 2404 ἀσεβοῦσιν.
401 2326 474 2388 Din.
491 2327 505 2388 1
522 2342 578 2405 30:
602 2318 661 2390 ούκ
683 2319 731 2402 είς
750 2321 810 2405 μὲν
831 2319 887 2406 τὴν
900 2313 1117 2404 Ἀριστάρχου
1141 2317 1251 2387 οἰκίαν
1273 2317 1437 2388 εἰσελθών

179 2423 358 2507 βουλεύσας
378 2425 449 2511 μετ’
476 2427 599 2494 ἐκείνου
621 2423 677 2494 τὸν
700 2425 881 2512 Νικοδήμῳ
896 2421 1044 2491 θάνατον
1058 2426 1368 2492 κατασκευασθέντα
1385 2483 1391 2498 .
1407 2481 1434 2496 ..

180 2526 316 2613 ἐξέβαλε
337 2529 392 2599 τὸν
406 2529 620 2617 Ἀρίσταρχον
640 2530 702 2598 ἐντί
721 2536 796 2611 ταῖς
817 2526 1006 2614 αἰσχίσταις
1028 2527 1168 2610 αίτίαις;

262 2659 316 2720 Ex
326 2659 387 2721 hac
399 2659 539 2741 generali
551 2661 581 2722 vi
592 2659 748 2742 speciales
760 2658 920 2738 quaedam
932 2659 1076 2722 oriuntur
1087 2658 1234 2721 notiones
1245 2676 1329 2739 quae
1344 2658 1435 2723 facile

178 2774 417 2858 cognoscuntur
427 2786 470 2827 ex
481 2765 638 2829 antithesi.
661 2764 774 2846 Atque
786 2764 925 2846 primum
937 2763 1068 2845 quidem
1080 2763 1134 2844 qui
1147 2783 1194 2825 cu
1202 2783 1235 2825 m
1251 2765 1436 2828 consilio

179 2869 247 2949 agit
255 2863 459 2953 (βουλεύσας)
468 2871 643 2953 opponitur
653 2869 682 2933 ei
690 2870 744 2951 qui
756 2869 1018 2952 imprudenter
1032 2868 1151 2952 aliquid
1159 2866 1234 2932 iacit
1241 2870 1308 2933 sine
1316 2869 1435 2952 dolo¹);

264 3131 285 3197 ¹)
304 3133 496 3184 Usitatissimum
517 3139 554 3182 est
571 3134 675 3183 verbum
692 3125 818 3199 βουλεύω
840 3129 914 3197 ἰπιβ.
939 3132 965 3180 in
990 3131 1067 3181 caede
1085 3131 1240 3190 voluntaria;
1264 3147 1373 3196 namque
1392 3133 1436 3196 qui

179 3234 236 3268 curn
260 3221 365 3272 consilio
390 3222 507 3271 interficit
530 3215 621 3291 φόνον
642 3216 771 3274 ἑκούσιον
789 3221 936 3280 committit;
962 3220 997 3270 ita
1014 3220 1103 3270 dolum
1121 3219 1215 3268 malum
1233 3219 1327 3270 indicat
1345 3220 1435 3270 eodem

179 3308 257 3356 modo
276 3317 351 3375 atque
376 3310 508 3370 ἑκουσίως
525 3311 566 3360 vel
584 3311 613 3364 ἐκ
631 3314 774 3378 προνοίας.
808 3309 962 3374 Antiph.1’.
981 3307 1006 3360 d.
1025 3320 1053 3374 5:
1072 3303 1123 3361 τὸν
1140 3306 1172 3360 δὲ
1185 3301 1309 3360 θάνατον
1321 3309 1382 3367 πῶς
1401 3300 1437 3360 ἂν

141 3463 144 3470 Ι
179 3390 379 3462 ἐπεβούλευσεν
402 3393 433 3459 ὃς
455 3395 590 3460 ἀκουσίως
613 3393 762 3460 &nitatem
786 3403 815 3451 Γ.
833 3416 859 3450 α.
880 3409 908 3461 7:
934 3392 1006 3468 ὑμᾶς
1028 3392 1155 3465 χρὴ...
1176 3391 1227 3460 τὴν
1243 3389 1436 3462 βουλεύουσαν

178 3479 273 3552 ψυχὴν
293 3481 499 3558 ἅνταφελέσβυι
517 3483 610 3540 αὐτόν.

264 3579 292 3626 Γ.
312 3581 338 3641 β.
357 3588 384 3641 5:
406 3574 470 3628 »τὸν
487 3570 724 3644 ἐπιβουλεύσαντα
744 3569 848 3628 κελεύει
864 3569 880 3624 ὁ
898 3568 987 3645 νόμος
1004 3577 1093 3645 φονέα
1112 3571 1210 3632 river«,
1230 3575 1379 3626 vertendum
1401 3585 1437 3626 est

181 3678 327 3728 »percussor
351 3665 483 3715 habendus
504 3675 541 3715 est
564 3666 584 3714 is
607 3664 726 3722 tandum,
753 3663 795 3729 qui
817 3662 951 3712 consilium
975 3663 1071 3714 habuit.
1115 3661 1239 3712 Desinant
1265 3665 1367 3713 tandem
1390 3664 1435 3712 ho·

178 3751 259 3801 mines
282 3753 350 3802 docti
375 3752 407 3803 ad
429 3754 497 3803 hunc
520 3753 604 3803 locum
627 3768 765 3819 provocare
789 3751 860 3817 quasi
877 3752 967 3800 eadem
986 3767 1071 3818 poena
1088 3751 1113 3800 in
1131 3766 1162 3800 eo
1180 3752 1322 3816 postuletur
1339 3769 1386 3818 pro
1405 3767 1436 3801 eo

179 3840 222 3906 qui
240 3839 373 3890 consilium
391 3843 460 3892 dedit
477 3849 552 3907 atque
569 3857 616 3908 pro
633 3858 665 3892 eo
683 3839 726 3907 qui
743 3840 848 3906 perfecit
864 3856 924 3905 rem,
944 3840 1152 3905 quandoquidem
1165 3856 1218 3890 non
1237 3841 1319 3906 agitur
1332 3840 1436 3890 omnino

178 3927 204 3978 in
229 3944 259 3978 ea
277 3931 390 3979 oratione
406 3930 453 3978 nisi
471 3930 503 3980 de
522 3947 573 3980 uno
592 3929 703 3988 homine,
725 3945 801 3994 quem
818 3928 872 3979 sine
890 3928 995 3979 consilio
1013 3943 1066 3978 rem
1085 3927 1211 3993 peregisse
1229 3938 1314 3979 orator
1331 3928 1436 3978 demon·

179 4025 298 4067 straturus
318 4027 363 4068 est.
399 4019 476 4082 Quod
494 4034 647 4084 quamquam
665 4019 691 4068 in
709 4025 797 4084 aperto
815 4025 853 4067 est
870 4016 1010 4067 orationem
1028 4017 1131 4080 legenti,
1148 4026 1231 4067 tamen
1249 4017 1366 4066 omnibus
1387 4015 1437 4064 sere

179 4104 243 4155 falso
263 4106 424 4172 intellegitur.
444 4134 474 4146 ·-
495 4107 615 4172 Philippi,
641 4109 736 4172 Areop.
753 4117 796 4171 37,
820 4105 875 4156 118.
914 4105 1083 4170 Frohberger,
1108 4106 1187 4171 praef.
1208 4107 1266 4167 Lys
1289 4105 1350 4154 XII.
1387 4102 1436 4153 Ge·

178 4195 266 4254 bauer,
286 4195 389 4246 ibidem.
424 4195 521 4254 Busolt‚
542 4195 641 4247 Griech.
661 4195 852 4256 Gesch.1412
871 4203 940 4246 nota.
975 4192 1113 4244 Thalheim
1131 4193 1156 4242 in
1175 4195 1263 4243 Herm.
1286 4193 1330 4242 Gr.
1350 4190 1436 4255 Antiq.

180 4301 206 4349 P·
225 4294 267 4348 45·
