3352 4994
702 257 915 318 „14-

182 421 282 495 parte.
334 413 509 476 Vetustum
538 422 587 474 est
617 431 736 476 nomen
766 411 985 493 παλαμναῖος,
1016 412 1174 494 significat
1202 431 1435 494 percussorem.

181 517 302 583 Aesch.
324 517 419 582 Eum.
441 535 505 596 444
525 518 671 579 Minerva
694 515 844 580 Orestem
866 517 1053 598 alloquitur:

428 628 602 724 άφθογγον
625 629 710 702 εἶναι
732 635 788 705 τὸν
809 637 1022 720 παλαμναῖον
1042 632 1141 719 νόμος

429 736 496 806 ἔστ’
523 734 562 806 ἂν
582 739 667 827 πρὸς
686 734 803 824 ἀνδρὸς
824 743 963 823 αἳματος
982 741 1171 826 καθαρσίου

429 846 556 935 σφαγαὶ
579 843 817 929 καθαιμάξωσι
840 844 1001 934 νεοθήλου
1023 851 1131 932 βοτοῦ,

267 969 330 1050 Qui
361 969 550 1051 Pompeium
581 971 794 1034 trucidaverat
823 969 1035 1052 παλαμναῖος
1066 980 1200 1033 vocatur
1224 992 1243 1034 a
1265 971 1436 1034 Plutarcho

181 1075 294 1156 Pomp.
330 1076 381 1142 80.
436 1074 587 1138 Vindicat
620 1075 682 1138 hoc
715 1095 940 1156 percussorum
977 1095 1078 1157 genus
1113 1070 1194 1154 Ζεὺς
1226 1076 1438 1158 παλαμναῖος

182 1180 352 1263 ([Aristot.]
382 1179 410 1245 d.
439 1181 547 1246 mund.
578 1179 641 1242 VII
668 1179 693 1262 1)
711 1180 788 1260 'quo
817 1182 949 1245 nomine
977 1190 1111 1244 vocatur
1133 1181 1175 1243 ab
1196 1181 1233 1244 iis
1255 1184 1310 1264 qui
1332 1202 1436 1263 perse-

183 1293 323 1368 quuntur
344 1304 576 1367 percussorem.
621 1285 732 1366 Apoll.
756 1283 816 1347 Rh.
838 1284 886 1347 IV
909 1287 987 1366 708:

595 1402 797 1489 »καθάρσιον
819 1401 1025 1493 ἀγκαλέουσα

455 1512 544 1596 Ζῆνα
568 1511 779 1586 παλαμναῖον
799 1505 955 1598 τιμήορον
978 1507 1148 1577 ῖκεσιάωνι
1162 1515 1185 1592 ¹)

185 1634 239 1698 ubi
261 1633 450 1696 scholiasta:
472 1633 684 1714 παλαμναῖον
705 1632 792 1716 λέγει
813 1639 869 1700 τὸν
888 1632 990 1718 φόνον
1014 1631 1232 1719 εἰργασμένον.
1266 1636 1336 1718 Jam
1360 1656 1438 1699 vero

184 1760 249 1804 non
271 1738 405 1821 quilibet
426 1739 609 1802 interlector
631 1749 763 1801 vocatus
786 1759 856 1802 esse
878 1740 922 1802 ita
944 1741 1067 1803 videtur
1089 1741 1146 1803 sed
1168 1748 1291 1803 certum
1312 1747 1438 1802 tantum

184 1865 294 1928 genus,
318 1845 407 1908 cuius
430 1844 583 1926 imprimis
605 1843 724 1906 vindex
746 1842 873 1907 habitus
895 1854 944 1907 est
962 1845 1092 1927 Jupiter.
1131 1844 1311 1927 Complecti
1329 1852 1438 1906 autem

186 1971 304 2013 nomen
333 1949 411 2012 illud
440 1950 641 2031 peculiariter
669 1970 725 2015 eos
755 1953 808 2031 qui
830 1959 1043 2013 cruentam
1065 1952 1198 2014 caedem
1222 1949 1439 2012 commiserint

185 2064 218 2119 et
246 2077 289 2118 ex
321 2054 479 2117 testimois
516 2074 614 2137 supra
650 2055 753 2118 allatis
784 2057 963 2138 colligimus
996 2066 1029 2119 et
1060 2057 1188 2138 insuper
1217 2054 1439 2136 lexicographi

185 2171 351 2225 testantur.
389 2159 521 2222 Photius
535 2181 559 2223 s.
578 2181 608 2226 v.
624 2160 835 2241 παλαμναῖος
847 2191 890 2214 =
904 2154 1035 2245 φονεάς;
1052 2163 1139 2243 quod
1155 2182 1274 2226 nomen
1289 2169 1440 2224 cruentae

186 2267 292 2331 caedis
324 2275 489 2329 auctorem
515 2265 653 2329 indicare
675 2275 707 2329 et
729 2266 930 2348 etymologia
952 2268 1047 2330 docet
1070 2277 1102 2330 et
1124 2289 1199 2331 usus
1222 2267 1346 2330 dicendi
1371 2263 1439 2347 (cfr.

184 2395 215 2455 p.
232 2390 273 2451 24
288 2374 368 2452 not.)
385 2371 596 2452 παλαμναῖος
610 2380 716 2434 autem
732 2381 781 2434 est
793 2364 969 2451 παλάμαις
984 2365 1195 2455 ἐργαζόμενος
1212 2420 1218 2434 .
1234 2365 1375 2455 παλάμιγ
1397 2399 1440 2423 =

184 2478 254 2562 χεὶρ
283 2477 351 2559 (cfr.
379 2478 516 2539 eundem
544 2477 692 2538 Photium
721 2475 801 2544 παλ,
832 2473 982 2561 λέγονται
1012 2476 1044 2542 ολ
1069 2473 1127 2541 διὰ
1147 2471 1255 2558 χειρὸς
1277 2467 1439 2559 ἀνδροφο-

184 2586 310 2662 νοῦννες
344 2576 437 2664 παρὰ
468 2580 524 2666 τὴν
552 2576 730 2668 παλάμην).
781 2582 871 2664 Ergo
899 2581 979 2644 haec
1009 2582 1231 2645 constituenda
1252 2589 1303 2643 est
1324 2581 1437 2643 series:

183 2687 268 2772 χειρὶ
291 2681 501 2774 ἐργαζόμενος
521 2717 563 2740 =
584 2683 756 2767 παλάμαις
781 2683 846 2772 ε’ργ.
869 2715 911 2739 --
934 2685 1198 2766 παλαμναῖοςε
1220 2683 1337 2772 φονεύς
1353 2707 1358 2748 ;
1374 2686 1392 2748 i.
1409 2705 1437 2747 e.

186 2803 384 2858 cruentae
407 2793 549 2855 caedis
572 2793 729 2855 auctor!

270 2899 480 2961 Abstinemus
492 2897 643 2979 pluribus,
660 2917 699 2959 ne
714 2896 884 2979 fatigemus
900 2895 1071 2975 lectorem;
1088 2917 1147 2978 per
1162 2916 1292 2960 manum
1309 2906 1441 2960 cruenta

185 3007 300 3069 caedes
329 3002 479 3081 efficitur;
510 3004 589 3066 haec
612 3013 662 3065 est
683 3000 888 3066 interficiendi
911 3004 992 3065 ratio
1015 3001 1230 3084 intelligenda,
1259 3002 1439 3082 ubicunque

186 3109 272 3195 χειρὶ
296 3101 494 3195 ἐργάζεσθαι
516 3109 651 3172 verbum
674 3109 815 3190 positum
837 3117 895 3176 est.
923 3146 960 3156 -

271 3214 365 3295 Quae
386 3235 459 3277 cum
493 3217 537 3277 ita
565 3214 627 3275 sint
657 3215 697 3276 de
727 3233 852 3276 veneno
881 3234 945 3277 non
975 3215 1078 3293 magis
1107 3222 1192 3276 recte
1221 3213 1282 3276 dici
1311 3214 1439 3294 poterit,

186 3339 283 3402 quam
314 3321 339 3383 si
369 3321 456 3382 dicas
490 3317 631 3381 »veneno
660 3320 834 3382 trucidare<
867 3319 1083 3400 (totschlagen
1113 3319 1171 3380 mit
1198 3317 1286 3399 Gift).
1331 3315 1383 3380 Ac
1406 3337 1441 3380 re

185 3446 262 3488 vera
291 3444 475 3507 quanquam
503 3423 639 3506 Philippi
669 3425 798 3507 quidem
827 3425 857 3486 in
881 3425 957 3487 Ant.
982 3446 1028 3488 or.
1051 3426 1065 3487 I
1087 3425 1131 3488 ita
1152 3423 1310 3486 distribuit
1332 3432 1441 3506 partes

186 3545 219 3593 ut
241 3530 370 3611 paelicis
393 3530 433 3592 sit
454 3527 539 3613 χειρὶ
562 3525 771 3614 ἐργάζεσθαι,
796 3539 903 3592 tameo
927 3530 1005 3593 illud
1027 3531 1156 3613 quidem
1178 3529 1313 3592 verbum
1330 3530 1441 3593 vitavit

185 3635 371 3717 Antiphon,
408 3635 507 3697 immo
544 3636 710 3716 aptissima
747 3635 799 3698 ille
829 3635 870 3697 de
907 3634 1030 3716 paelice
1067 3636 1165 3698 verba
1198 3636 1306 3716 posuit
1341 3635 1439 3698 haec:

186 3741 207 3818 ξ
233 3751 266 3816 15
292 3729 387 3823 αὑτῆς
414 3741 595 3820 (novercae)
613 3734 650 3806 τὸ
673 3735 795 3823 εὕρημα
838 3737 1011 3826 ..ἐκείνης
1031 3733 1270 3826 δ’ὗπιγρέτημα.
1295 3745 1376 3820 —§
1403 3741 1440 3802 16

186 3841 351 3908 διακονεῖν
379 3846 462 3906 idem
496 3859 542 3926 17,
573 3846 619 3918 18,
652 3861 705 3920 20,
738 3845 830 3928 Quae
860 3848 991 3928 quidem
1021 3845 1120 3910 verba
1149 3866 1280 3927 prorsus
1307 3848 1337 3909 io
1368 3866 1440 3908 eam

185 3949 344 4011 actionem
370 3950 537 4030 quadrant,
567 3971 664 4032 quarn
687 3952 803 4034 paelex
824 3951 980 4017 voluntati
1002 3951 1141 4016 nefariae
1163 3971 1320 4016 novercae
1343 3950 1441 4015 indul·

140 4051 142 4055 ’
184 4073 264 4134 gens
286 4063 479 4136 susceperat.
739 4053 742 4060 ⁴

272 4251 293 4315 1)
310 4253 498 4306 παλαμναίων
517 4255 546 4304 L.
566 4253 749 4325 παλαμναῖον
767 4255 808 4306 Fr.
827 4255 901 4320 Spiro
921 4257 1068 4307 commilito.
