3352 4994
731 295 942 357 ,25-

210 465 304 541 acti0‚
333 463 421 526 velut
450 456 730 543 ἆποδαλοὶττωσις
760 465 810 528 vel
840 461 1033 544 λιμοκτονία
1062 465 1112 528 vel
1145 465 1248 528 simile
1276 465 1395 546 aliquid
1424 467 1469 528 ad

209 569 375 633 infinitum.
420 568 523 632 Vides
551 580 660 634 autem
689 569 780 634 facile
807 571 972 633 criminum
1002 571 1117 633 seriem
1146 570 1273 652 longius
1295 571 1340 634 ita
1369 580 1468 652 atque

210 677 303 739 latius
332 684 490 738 creturam
519 673 633 753 fuisse,
671 696 769 758 quarn
796 695 879 755 quae
908 677 939 737 in
967 696 1031 739 uno
1060 677 1206 756 quamvis
1234 677 1355 758 ingenti
1383 697 1467 739 saxo

210 781 449 854 describeretur,
479 780 531 843 vel
560 782 602 845 ab
635 802 699 844 uno
729 779 858 844 homine
885 790 996 862 posset
1022 790 1130 843 mente
1151 782 1268 860 teneri;
1299 802 1338 845 ac
1360 803 1400 846 ne
1421 783 1469 846 ita

209 886 339 966 quidem
362 905 504 965 unquam
526 887 571 950 eis
592 886 794 968 contigisset,
828 897 864 948 ut
892 905 1060 949 numerum
1087 885 1351 951 innumerabilem
1380 907 1467 950 com·

209 991 424 1073 plecterentur
451 992 596 1055 omnium
617 991 723 1055 caedis
746 991 914 1056 rationum.

292 1095 382 1176 Ergo
411 1095 502 1158 aliter
531 1116 599 1158 rem
628 1096 822 1160 iudiciariam
852 1095 1055 1170 moderaturi,
1083 1115 1156 1158 cum
1186 1096 1231 1158 sic
1261 1105 1296 1158 ut
1318 1098 1467 1178 primitus

204 1219 282 1263 eam
305 1201 512 1264 instituissent
532 1202 677 1265 viderent
699 1220 766 1262 rem
789 1221 854 1263 non
876 1219 974 1280 posse
994 1197 1113 1282 perfici,
1137 1219 1234 1262 unam
1250 1198 1469 1266 Athenienses

208 1314 389 1369 statuerunt
408 1305 532 1388 legem,
564 1326 647 1386 quae
677 1305 793 1368 caedes
820 1305 1089 1386 complecteretur
1116 1323 1230 1366 omnes
1255 1325 1276 1366 a
1297 1306 1467 1370 manifesta

209 1412 366 1474 diversas:
403 1408 466 1491 Qui
495 1406 674 1493 βουλεύσας
702 1409 860 1486 interficit,
888 1411 1045 1473 tenendus
1073 1418 1123 1472 est
1151 1409 1183 1470 in
1215 1409 1341 1482 eodem,
1370 1429 1408 1472 ac
1438 1413 1465 1473 si

210 1514 316 1600 (χειρὶ)
346 1510 446 1601 φόνον
467 1515 720 1596 commisisset1).
766 1513 818 1576 Sic
840 1510 929 1603 φόνῳ
952 1509 1062 1596 ἔνοχος
1083 1514 1227 1588 habetur,
1257 1515 1311 1594 qui
1333 1523 1389 1577 aut
1410 1535 1463 1577 un·

208 1623 257 1685 dis
278 1631 335 1684 aut
355 1619 439 1683 lame
462 1630 517 1683 aut
538 1620 613 1702 gelu
636 1629 691 1682 aut
713 1620 820 1682 calore
841 1619 978 1700 denique
1000 1621 1054 1700 qui
1077 1619 1316 1701 quaviscunque
1341 1621 1466 1683 ratione

210 1723 311 1813 φόνου
334 1719 442 1803 αἴτιος
463 1724 629 1788 habendus
652 1733 700 1788 est
708 1726 741 1805 ²).
785 1723 892 1787 Etiam
915 1725 941 1786 is
964 1725 1018 1807 qui
1039 1724 1180 1788 incitavit
1195 1724 1330 1788 alterum
1345 1745 1389 1786 ex
1404 1725 1466 1788 hac

209 1832 282 1913 lege
313 1824 415 1916 φόνου
445 1838 573 1911 poterat
599 1850 672 1893 reus
694 1828 760 1892 fieri
770 1832 801 1912 ³),
821 1851 903 1893 unus
933 1831 1017 1893 enirn
1046 1849 1139 1893 casus
1156 1829 1213 1892 ille
1236 1839 1285 1894 est
1307 1851 1325 1893 e
1348 1831 1465 1905 multis,

210 1937 263 2017 qui
290 1935 408 1998 cadunt
438 1934 497 1998 sub
525 1954 597 1997 eam
627 1935 743 2016 legem.
788 1934 822 1998 Si
845 1956 909 2017 qua
931 1937 972 1999 de
993 1955 1034 1998 eo
1055 1935 1212 2016 agebatur
1237 1935 1376 2012 crimine,
1400 1955 1467 1998 non

208 2089 416 2100 -----

295 2171 316 2239 ¹)
336 2173 363 2222 Si
380 2174 517 2239 premimus
535 2190 597 2235 rem,
617 2175 866 2240 comprehenduntur
883 2191 914 2225 ea
931 2176 989 2240 lege
1006 2174 1081 2224 etiam
1100 2189 1198 2226 venena
1215 2183 1240 2224 et
1258 2175 1382 2235 incendia,
1408 2182 1468 2224 sunt

208 2263 275 2312 enim
302 2277 355 2311 non
381 2264 482 2334 »χειρία
505 2271 614 2329 peracta.
636 2289 672 2302 -
696 2265 848 2329 Quanquam
871 2279 902 2312 ea
925 2263 1029 2328 quidem
1052 2263 1137 2314 locum
1165 2264 1216 2314 iam
1244 2263 1372 2314 habebant
1394 2264 1421 2314 in
1443 2263 1465 2314 l.

208 2352 387 2417 Areopagitica
406 2352 551 2418 antiquitus·

294 2439 316 2506 ²)
336 2435 443 2512 »novos
456 2444 559 2500 αἴτιοςι
574 2458 589 2490 a
601 2439 731 2491 nonnullis
740 2441 771 2489 de
784 2439 913 2490 incitando
925 2439 1088 2504 intellegitur.
1113 2439 1185 2502 Quae
1197 2439 1268 2489 notio
1281 2455 1364 2506 neque
1376 2449 1467 2491 natura

208 2529 273 2579 inest
294 2529 318 2578 ei
340 2531 417 2579 verbo
442 2545 524 2594 neque
547 2546 577 2578 ex
602 2545 648 2578 usu
665 2529 688 2578 ei
706 2528 865 2595 supponitur.
903 2527 1000 2576 Caedes
1018 2526 1103 2591 potius
1120 2526 1253 2586 indicatur,
1273 2540 1326 2575 non
1343 2525 1466 2574 violenter

208 2633 290 2682 neque
315 2618 413 2667 actione
436 2617 567 2667 manifesta
590 2617 732 2675 commissa,
758 2617 827 2666 velut
844 2618 904 2680 Lys.
924 2617 991 2667 XIII
1010 2625 1054 2680 57:
1086 2617 1178 2666 καίτοι
1201 2616 1227 2666 ελ
1244 2611 1347 2673 ίκεῖνος
1366 2610 1466 2678 (Mene-

201 2705 311 2771 stratos)
336 2701 489 2768 ύπίδανεν,
513 2696 529 2773 ἦ
551 2723 609 2757 που
626 2699 774 2778 Ἀγόρατός
791 2721 824 2771 γε
845 2705 959 2764 δικαίως
978 2699 1174 2768 ἀποθανεῖται,
1193 2696 1223 2762 ὃς
1240 2718 1272 2770 γε
1291 2698 1341 2754 τόν
1358 2717 1386 2752 τε
1403 2705 1465 2754 Με-

206 2799 357 2865 νέστρατον
382 2789 555 2866 ἀπογράψας
576 2797 664 2851 αἴτιος
686 2793 781 2862 ἐκείνῳ
799 2793 857 2846 ἐστὶ
876 2802 926 2846 τσῦ
945 2788 1081 2851 θανάτου,
1107 2793 1264 2842 denuntiavit
1286 2808 1352 2852 reus,
1378 2789 1468 2840 mortis

207 2886 242 2934 ita
258 2885 305 2934 suit
322 2893 424 2944 aneton
446 2883 557 2934 incitavit
574 2883 710 2933 neminem.
748 2885 823 2932 Deru.
844 2897 886 2948 23,
908 2883 955 2948 38:
985 2876 1034 2937 ἐάν
1055 2899 1097 2942 τις
1115 2876 1269 2952 ἀποκτείνῃ
1292 2873 1344 2934 τὸν
1362 2874 1467 2948 ἄνδρα·

208 2970 298 3045 φόνον
315 2965 333 3038 ἢ
350 2977 440 3033 αἴτιος
457 2964 472 3046 ᾖ
492 2967 584 3042 φόνου
596 3013 602 3024 .
616 3008 623 3024 .
636 3009 642 3022 .
656 2968 751 3043 οἷσπερ
769 2967 819 3024 τὸν
837 2965 989 3039 Ἀθηναῖον
1012 2968 1216 3024 ἀποκτείναντα
1241 2969 1272 3022 lv
1294 2971 1353 3027 τοῖς
1371 2967 1467 3026 αὐτοῖς

206 3063 363 3130 ἐνέχεσθαι.
405 3063 445 3112 Ne
468 3063 517 3113 hoc
543 3061 647 3126 quidem
664 3069 730 3110 recte
755 3061 787 3110 de
811 3061 956 3112 incitatione
979 3061 1126 3126 intellegas;
1155 3068 1231 3124 atque
1255 3057 1368 3123 sequitur
1390 3057 1466 3106 inter-

207 3151 316 3217 pretatio
335 3153 405 3202 verbi
420 3152 484 3200 haec
503 3147 532 3217 (ἕ
543 3149 589 3216 43)
608 3149 655 3220 ἔσῃ
674 3145 702 3202 δ’
718 3152 806 3209 αἴτιος
820 3147 881 3216 τὴν
899 3145 1028 3202 διὰτοῦ
1048 3155 1278 3220 ψηφίσματος
1295 3145 1465 3204 ἐξουσίαν

209 3235 376 3298 δεδωκώς

295 3328 316 3394 3)
335 3329 466 3395 Expressis
483 3327 566 3378 verbis
583 3327 625 3378 lex
642 3328 711 3377 And.
731 3329 787 3390 197
806 3327 951 3377 incitantem
970 3325 1069 3376 videtur
1079 3324 1205 3392 proferre:
1226 3320 1285 3376 ὁδὲ
1299 3318 1465 3382 ἀποκτείνας

208 3414 259 3470 τὸν
280 3422 368 3470 ταῦτα
390 3413 548 3484 ποιήσαντα
570 3417 618 3468 καλ
642 3409 657 3468 ὁ
681 3410 891 3487 συμβουλεύσας
915 3410 993 3474 ὅσιος
1016 3413 1085 3466 ἔστω
1102 3414 1149 3465 καὶ
1169 3409 1280 3482 εύαγής.
1316 3412 1387 3462 Nihil
1403 3412 1463 3471 hoc,

208 3506 305 3557 etiamsi
327 3505 363 3554 ita
386 3521 413 3555 se
436 3505 548 3566 baberet,
575 3513 664 3556 contra
686 3519 769 3554 meam
786 3520 839 3554 rem
858 3503 959 3554 faceret.
997 3503 1062 3554 Fieri
1081 3504 1146 3554 enirn
1167 3511 1252 3568 potest
1270 3513 1297 3554 ut
1314 3502 1372 3567 lege
1389 3501 1465 3552 etiam

208 3595 241 3644 ad
259 3610 317 3643 eum
335 3609 419 3644 casum
437 3593 592 3659 respiciatur,
618 3601 730 3643 attamen
755 3592 821 3642 actio
839 3591 915 3642 fuisse
938 3593 1040 3658 propria
1060 3594 1085 3641 in
1106 3593 1208 3642 crimine
1227 3591 1380 3642 incitationis
1400 3606 1465 3640 non·

208 3684 269 3733 dum
298 3681 429 3732 evincitur.
474 3671 640 3747 Quanquam
655 3682 740 3732 adhuc
769 3680 859 3730 dubito
883 3696 943 3730 num
967 3691 1034 3732 recte
1055 3681 1119 3747 legis
1148 3682 1225 3731 verba
1253 3673 1465 3745 intelleganturd

208 3765 419 3842 συμβουλεύσας
438 3771 496 3835 »qui
516 3770 637 3837 persuasit
655 3770 793 3835 percussori
813 3777 841 3818 ut
858 3769 1010 3820 occideret«.
1051 3772 1077 3821 Si
1095 3771 1161 3821 enlm
1179 3770 1214 3820 ita
1231 3770 1265 3820 ad
1282 3769 1393 3820 eiusdem
1405 3766 1465 3817 iacti

208 3861 273 3910 duos
290 3860 419 3925 respicitur
429 3867 544 3910 auctores
556 3875 608 3908 non
620 3858 694 3909 video
707 3858 838 3924 quomodo
853 3873 906 3906 non
918 3867 1037 3923 poscatur
1049 3859 1130 3910 dualis
1144 3853 1160 3909 ὁ
1175 3853 1274 3912 cinon.
1292 3859 1340 3910 καλ
1352 3851 1368 3908 ὃ
1381 3862 1464 3928 συμβ.

209 3943 296 4002 ὁσίου
319 3944 440 4000 ἔστωνλ
473 3947 599 4012 Equidem
628 3947 805 4012 explicaverim
834 3945 911 4010 igitur
938 3947 1022 3997 locum
1050 3948 1103 3999 ita:
1119 3946 1184 3998 liber
1208 3963 1223 3996 a
1246 3963 1330 4013 poena
1355 3947 1414 4006 erit,
1444 3945 1465 3994 si

209 4037 264 4101 quis
291 4037 418 4097 occiderit,
445 4044 470 4086 et
488 4063 520 4072 -
539 4036 560 4085 si
583 4035 639 4101 quis
662 4045 705 4086 aut
729 4035 834 4084 suaserit
858 4035 884 4084 in
907 4036 1041 4096 contione,
1068 4043 1112 4086 aut
1133 4037 1166 4086 ad
1190 4036 1309 4088 iudicium
1333 4033 1465 4084 deduxerit

208 4133 376 4188 accusaturus,
399 4135 451 4188 aut,
471 4125 555 4184 iudex,
577 4140 687 4190 poenam
705 4123 795 4188 capitis
805 4124 965 4174 statuendam
978 4126 1205 4184 commendaverit;
1225 4124 1378 4188 respondere
1391 4121 1466 4186 igitur

209 4214 271 4264 mibi
287 4215 405 4266 videntur
422 4215 534 4266 actiones
552 4208 727 4266 ἀποκτείνειν
738 4239 771 4250 -
781 4208 982 4284 συμβουλεύειν
999 4213 1160 4264 iureiurando
1178 4213 1205 4262 in
1223 4211 1314 4262 eodem
1332 4209 1465 4276 plebiscito

207 4305 284 4366 197:
302 4305 391 4357 κτεναλ
410 4307 457 4358 καὶ
474 4298 564 4372 λόγῳ
582 4331 617 4341 -
633 4305 681 4356 καὶ
701 4301 787 4374 ἔργῳ
803 4301 807 4364 1
822 4303 870 4354 καλ
892 4295 994 4372 ψήφῳ
1012 4329 1044 4338 -
1063 4305 1111 4355 καλ
1127 4302 1160 4374 τῇ
1178 4301 1337 4370 ἐμαυτοῦ
1352 4303 1436 4370 χειρί.
