3352 4994
778 370 989 416 „11-

253 524 311 612 τὴν
340 519 429 606 ίεράν
457 527 514 611 γῆν
542 517 744 608 ἐργάσεσθαι
773 516 850 610 μήτ’
877 511 968 608 <illu
997 521 1192 608 ἐπιτρέψειν
1220 517 1305 588 ἀλλὰ
1327 520 1510 611 βοηθήσειν

253 629 301 714 τῷ
315 627 458 715 θεῷκαὶ
473 631 618 717 τῇγῇτῇ
637 626 709 716 ίερᾷ
725 627 781 692 καί
796 625 910 712 χειρί
925 625 983 692 καί
999 627 1102 694 ποδί
1118 626 1176 694 καί
1191 624 1304 714 πάσῃ
1322 623 1510 710 δυνάμει.

255 733 379 797 Audias
397 735 526 798 tertium
548 735 752 816 plebiscitum
773 729 993 815 Demophanti
1023 733 1116 816 (Lyc.
1140 723 1254 800 Leocr.
1283 736 1368 816 127):
1391 734 1511 815 διομω-

254 831 376 920 μόκατε
404 833 438 904 δ’
472 837 505 904 ἐν
532 840 579 926 τῷ
609 837 800 927 ψηφίσματι
822 840 868 924 τῷ
890 830 1111 926 Δημοφάντου
1134 835 1269 904 κτείνειν
1290 835 1344 905 τὸν
1366 836 1422 928 τὴν
1444 862 1508 905 πα-

255 942 351 1029 τρίδα
373 937 575 1030 προδιδόντα
597 943 655 1010 καί
677 917 785 1029 ίόγῳ
806 941 864 1009 καί
887 941 990 1029 ἔργῳ
1012 943 1069 1010 καί
1090 941 1210 1028 χειρί
1233 941 1287 1007 καί
1308 943 1411 1031 ψήφῳ
1420 947 1455 1029 ¹).

336 1048 409 1130 Jam
431 1070 509 1112 vero
531 1070 596 1112 non
618 1049 648 1112 in
671 1049 744 1111 iuris
778 1049 899 1112 iurandi
922 1047 1066 1112 formulis
1087 1059 1212 1112 tantum
1236 1071 1254 1112 a
1276 1070 1425 1114 sermone
1447 1049 1512 1112 vul·

257 1155 324 1236 gari
354 1155 573 1218 remotissimis
603 1155 668 1218 tale
697 1153 773 1235 quid
803 1153 942 1216 invenies
970 1156 1028 1216 sed
1057 1155 1243 1234 ceteroquin
1276 1155 1403 1237 saepius
1425 1156 1513 1232 velut

259 1259 362 1326 Thuc.
385 1260 431 1323 III
454 1261 493 1324 82
517 1280 542 1326 s.
565 1258 634 1329 fin:
667 1249 787 1346 ἢμετά
818 1255 933 1343 ψήφου
955 1252 1074 1324 ἀδίκου
1103 1253 1336 1342 καταγνώσεως
1359 1251 1378 1347 ἢ
1400 1259 1512 1345 χειρί

256 1360 415 1446 κτώμενοι
435 1359 473 1431 τὸ
495 1367 632 1451 κρατεῖν.
676 1363 811 1445 Antiph.
835 1362 867 1424 V
889 1379 945 1442 92:
979 1361 1036 1428 καί
1058 1364 1120 1445 μὴν
1140 1361 1199 1448 τὴν
1222 1358 1297 1450 ἰ’σην
1320 1388 1355 1449 γε
1377 1360 1513 1448 δύναμιν

258 1463 325 1550 ἔχει
355 1461 445 1547 ὅστις
473 1493 508 1535 τε
536 1461 576 1534 ἀν
602 1471 642 1554 τῇ
662 1466 776 1552 χειρί
800 1461 976 1555 ἀποκτείνῃ
1000 1461 1124 1548 ἀδίκως
1144 1468 1202 1534 καί
1224 1463 1314 1547 ὅστις
1335 1472 1376 1556 τῇ
1399 1468 1511 1558 ψήφῳ.

341 1573 493 1650 Videsne,
523 1577 555 1637 id
582 1575 670 1657 quod
700 1575 848 1636 volumus
878 1593 976 1654 quam
1002 1575 1143 1638 maxime
1165 1576 1252 1637 hisce
1275 1575 1338 1638 iam
1360 1575 1512 1638 effectum

257 1699 328 1742 esse
363 1680 553 1742 testimoniis
560 1705 568 1755 ;
605 1699 709 1742 nonne
745 1678 991 1742 luculentissime
1027 1680 1283 1744 demonstratum
1319 1690 1378 1755 est,
1416 1700 1512 1744 unam

256 1793 382 1847 tantum
411 1805 430 1848 e
458 1786 566 1848 multis
597 1785 752 1847 rationem
783 1784 920 1858 indicari,
951 1785 977 1846 si
1000 1785 1070 1866 quis
1092 1783 1180 1870 χειρί
1210 1785 1325 1848 utitur?
1355 1785 1513 1849 falsissimi

256 1899 340 1964 sunt,
362 1890 416 1970 qui
438 1889 573 1953 alterum
592 1890 756 1952 hominem
779 1889 958 1952 necessario
973 1891 1205 1970 opponendum
1221 1911 1291 1953 esse
1306 1893 1513 1959 contendunt.

343 1994 499 2059 Confecta
528 2005 578 2058 est
606 2014 672 2071 res;
702 2004 811 2056 tamen
840 1991 943 2055 facere
973 2014 1038 2057 non
1071 2015 1204 2075 possum
1235 1997 1311 2077 quin
1343 2016 1450 2059 morer
1482 1997 1513 2058 in

257 2101 394 2183 Antiph.
416 2101 464 2164 Vl
487 2100 560 2162 loco
583 2099 810 2174 illustrissimo;
832 2099 960 2180 egregie
982 2100 1067 2162 enim
1088 2101 1140 2164 ille
1156 2121 1224 2164 rem
1239 2112 1382 2165 nostram
1398 2110 1513 2164 tuetur.

256 2207 498 2290 Argumentum
520 2207 672 2268 orationis
694 2224 791 2286 supra
813 2205 855 2284 (p.
882 2204 910 2285 5)
935 2205 998 2266 iam
1020 2207 1206 2287 expositum
1227 2217 1293 2284 est;
1318 2207 1415 2270 irater
1436 2206 1512 2268 Dio·

257 2313 326 2375 doti
348 2321 492 2375 actorem
516 2311 621 2392 arguit
643 2308 836 2373 interfecisse
860 2328 994 2388 puerum
1023 2305 1258 2392 »βουλεύσανια
1280 2307 1334 2377 τὸν
1355 2307 1511 2394 θάιαιοι,

259 2427 372 2480 contra
399 2437 471 2479 reus
499 2425 661 2480 asseverat
690 2403 754 2499 ε’γαί
784 2411 820 2480 δὲ
847 2413 892 2495 μὴ
921 2405 1127 2494 ἀποκτεῖναι,
1148 2409 1227 2502 μήτε
1247 2415 1333 2502 χειρί
1355 2412 1514 2501 ἀράμενος

257 2517 340 2610 μήτε
359 2517 537 2608 βουλεύσας
559 2522 593 2606 (ξ
621 2521 681 2603 16).
726 2519 910 2582 Verborum
940 2528 1098 2582 structura
1121 2532 1268 2586 accurate
1291 2543 1359 2586 rem
1381 2541 1512 2604 perpen-

259 2630 346 2693 denti
374 2627 451 2690 nihil
485 2627 621 2710 praebet
657 2624 855 2701 offensionis;
886 2624 1013 2686 dativus
1045 2625 1132 2710 χειρί
1168 2627 1351 2691 referendus
1387 2637 1437 2690 est
1473 2627 1515 2689 ad

259 2734 394 2797 verbum
426 2726 621 2798 ἀποκτεῖναι
652 2733 733 2794 sicut
763 2730 840 2791 Ant.
866 2727 897 2789 V
918 2745 959 2809 92
989 2732 1027 2815 τῇ
1052 2729 1138 2816 χειρί
1169 2728 1363 2801 ἀποκτείνω.
1409 2731 1511 2795 Thuc.

258 2839 305 2902 III
327 2840 384 2902 82:
411 2837 496 2922 χειρί
518 2839 680 2914 κτᾶσθαι;
704 2834 906 2917 participium
932 2823 1092 2918 ἀράμενος
1120 2857 1162 2899 ex
1184 2839 1334 2920 singulari
1357 2838 1514 2900 sermonis

260 2944 375 3008 Graeci
403 2944 633 3007 consuetudine
660 2941 804 3003 additum
834 2948 891 3012 est,
916 2941 1036 3002 scilicet
1068 2961 1107 3004 ne
1138 2963 1236 3006 unum
1259 2945 1290 3006 in
1310 2944 1437 3005 actione
1461 2943 1513 3004 de·

259 3051 428 3113 scribenda
458 3049 638 3112 membrum
668 3048 794 3110 deesset
820 3043 871 3106 vel
901 3045 1085 3127 parvulum3
1116 3049 1302 3129 saepissime
1332 3049 1376 3110 ita
1398 3048 1513 3110 diserte

260 3156 348 3238 apud
381 3154 539 3228 Graecos,
577 3174 660 3234 quae
693 3172 753 3214 nos
789 3151 919 3232 quidem
953 3151 1123 3214 subaudire
1153 3152 1311 3227 solemus,
1349 3151 1515 3234 participia

259 3261 435 3338 adduntur3
468 3260 509 3322 ad
539 3250 697 3342 ἀράμενος
728 3257 843 3318 deinde
871 3257 1069 3337 supplendus
1098 3264 1148 3317 est
1177 3254 1207 3316 in
1241 3258 1437 3338 cogitatione
1464 3278 1513 3320 ac·

259 3367 421 3429 cusativus
451 3361 509 3452 τίγν
537 3367 631 3447 χεῖρα
663 3364 751 3426 velut
780 3361 946 3442 Aristoph.
978 3361 1069 3423 Aves
1101 3360 1153 3440 56:
1194 3355 1250 3425 »σὺ
1275 3353 1307 3424 δ’
1340 3348 1395 3427 οάν
1426 3359 1530 3447 λίθῳ-

259 3463 367 3554 κόψον
402 3465 513 3554 λαβών
544 3471 601 3553 (sc.
636 3465 748 3551 λίθον)
786 3467 847 3534 vel.
884 3487 913 3529 v.
948 3483 1044 3545 1004:
1091 3457 1183 3552 ὀρθῷ
1218 3461 1367 3555 μετρήσω
1402 3462 1513 3533 κανόνι

260 3572 457 3659 προστιθείς
493 3578 548 3657 (sc.
588 3569 722 3656 κανόνα)
730 3574 766 3656 ²).
824 3572 922 3654 Quod
963 3571 1077 3634 deinde
1116 3573 1345 3655 Maetznerus³j
1392 3574 1515 3635 monuit

260 3681 398 3743 activam
433 3682 522 3744 verbi
561 3681 697 3743 formam
733 3669 815 3763 ἀρας
850 3676 1021 3759 postulari,
1057 3675 1206 3740 refutavit
1242 3677 1423 3754 Vahlenus,
1461 3679 1515 3760 qui

259 3794 367 3849 totum
400 3786 484 3849 hunc
520 3787 628 3850 locum
666 3786 795 3866 egregie
831 3791 952 3846 tutatus
989 3792 1038 3845 est
1072 3783 1105 3864 (l.
1137 3783 1157 3849 l.
1187 3807 1218 3866 p.
1253 3786 1301 3868 ιο)
1332 3785 1515 3848 testimonio

349 4007 368 4074 ¹)
387 4009 432 4060 cfr.
455 4008 563 4058 Plebisc.
587 4007 761 4073 Demophanti
783 4005 851 4056 And.
875 4007 888 4054 1
912 4015 954 4066 97,
980 4003 1049 4069 quod
1074 4007 1189 4056 mutilum
1213 4023 1270 4056 cum
1293 4008 1405 4056 tradatur
1423 4008 1515 4056 collato

259 4099 324 4162 Lyc.
342 4098 431 4148 Leocr.
453 4108 510 4159 127.
548 4097 673 4162 Sauppius
691 4095 796 4146 restituit
808 4095 855 4143 ita:
876 4093 963 4145 κτενῶ
982 4095 1051 4150 (καὶ
1068 4087 1142 4163 λόγῳ
1158 4111 1183 4145 κ.
1204 4096 1274 4166 ἔργῳ
1292 4113 1315 4146 κ.
1336 4087 1424 4164 ψήφῳ
1442 4099 1522 4155 καὶ)

259 4187 296 4257 τῇ
316 4185 439 4254 ἐμαυτοῦ
455 4187 530 4257 χειρί
547 4203 571 4236 κ.
590 4203 613 4237 τ.
633 4187 655 4236 ί.

350 4271 505 4340 ²)Kt1hner,
526 4274 570 4323 Gr.
592 4273 705 4324 Gramm.
730 4272 795 4322 1080
816 4287 862 4338 3a.
883 4297 918 4308 -
935 4271 1074 4329 Vahlenus,
1096 4273 1152 4323 lnd.
1170 4272 1228 4322 lect.
1249 4273 1333 4324 Berol.
1357 4272 1430 4336 1879.

350 4361 370 4428 ³)
390 4364 422 4412 ad
440 4363 547 4427 Antiph.
565 4379 591 4428 p.
613 4363 671 4428 258.
