3352 4994
620 289 899 341 .-20—

213 483 215 486 v
251 443 322 506 Nos
351 441 481 522 quidem
511 442 683 505 vernaculo
713 463 860 506 sermone
889 446 1113 508 consuevimus
1149 449 1240 528 quasi
1270 448 1345 511 nihil
1379 450 1425 510 in-

167 557 303 614 teresset
324 546 506 629 promiscue
529 547 633 610 dicere
659 547 892 630 »eigenhandig
905 579 946 602 =
961 551 992 612 in
1007 552 1117 632 eigner
1131 551 1282 622 Person«,
1319 553 1425 616 Plera-

170 675 235 736 que
262 651 347 716 enim
375 672 458 733 quae
485 650 618 715 facimus
647 673 665 715 e
694 654 881 716 condicione
909 654 1048 719 humana
1078 677 1136 740 per
1165 680 1294 722 manum
1324 659 1423 737 fiunt;

169 759 286 823 nemini
308 765 416 821 autem
438 766 473 819 ut
495 757 610 840 opinor
631 757 767 839 placeat,
791 760 817 822 si
840 761 1017 840 quisdicat
1039 762 1119 844 (ipse
1146 766 1252 847 venio)
1275 758 1428 847 αἰτόχειρ

171 857 240 952 ἥκω
261 900 305 911 -
325 862 382 924 nisi
413 860 495 924 forte
524 862 584 925 erit
613 863 821 946 acrobates1).
864 864 964 946 Apud
986 864 1145 941 Graecos,
1177 879 1211 932 ut
1238 871 1269 933 in
1295 870 1427 949 reliquis

170 972 233 1034 iam
256 965 473 1031 demonstravi
495 968 610 1043 verbis
636 969 767 1049 vigebat
789 971 926 1050 genuina
947 972 996 1033 vis
1017 973 1115 1046 vocis,
1147 995 1251 1055 neque
1274 965 1428 1058 αἰτόχειρ

170 1075 231 1139 dici
260 1082 387 1156 potest
408 1073 466 1136 nisi
488 1073 543 1153 qui
565 1093 695 1136 revera
721 1074 809 1155 »ipsa
831 1078 981 1156 mannes)
1003 1097 1078 1140 usus
1097 1087 1174 1143 erat.
1210 1079 1344 1141 Possum
1360 1081 1425 1142 hoc

170 1200 229 1263 per
261 1188 365 1244 totam
394 1177 608 1242 Graecitatem
637 1179 805 1260 persequi,
843 1201 1027 1262 quanquam
1056 1183 1088 1244 in
1115 1182 1256 1244 Platonis
1285 1182 1427 1245 luculen-

173 1287 295 1349 tissima
324 1283 506 1348 definitione
538 1303 578 1346 eo
608 1284 711 1364 magis
735 1285 1002 1364 acquiescendum
1031 1307 1102 1350 esse
1123 1306 1249 1360 censeo,
1273 1287 1425 1365 quoniam

173 1412 237 1455 non
265 1391 392 1472 linguae
418 1389 522 1451 solum
546 1386 689 1450 Graecae
710 1397 845 1452 testatur
874 1391 925 1453 ille
948 1393 1221 1470 consuetudinem,
1244 1392 1300 1454 sed
1321 1388 1425 1452 Athe·

174 1497 328 1562 niensium
374 1514 466 1556 usum
509 1495 605 1555 etiam
650 1492 810 1555 sorensem
846 1495 876 1557 in
913 1494 1037 1577 legibus
1074 1497 1251 1576 illustrant.
1308 1495 1427 1577 Neque

174 1601 258 1666 enim
285 1609 320 1662 ut
342 1597 553 1680 philosophus
583 1597 671 1678 leges
690 1617 765 1658 suas
798 1600 995 1680 excogitavit
1028 1602 1080 1666 ille
1109 1602 1151 1665 ab
1181 1603 1268 1664 omni
1297 1610 1426 1664 terrena

173 1706 316 1787 robigine
345 1700 461 1765 liberas
489 1723 532 1764 ex
553 1702 623 1765 sola
645 1702 764 1765 aeterni
787 1701 861 1764 iuris
883 1707 1156 1789 contemplatione
1177 1707 1341 1783 deductas,
1366 1709 1423 1770 sed

172 1820 241 1874 tam
268 1828 377 1891 presse
407 1808 437 1870 in
474 1807 535 1870 hac
572 1807 641 1889 ipsa
677 1807 785 1888 legum
822 1819 913 1889 parte
946 1812 1190 1876 Atheniensium
1221 1821 1348 1876 secutus
1377 1823 1429 1874 est

174 1915 324 1988 instituta,
345 1922 379 1976 ut
401 1921 543 1977 vetustas
565 1933 676 1975 eorum
698 1913 787 1993 leges
809 1916 989 2000 sanctisque
1011 1917 1215 1999 religionibus
1237 1919 1349 2000 plenas
1371 1941 1430 1983 ex·

174 2021 285 2085 hibeat
322 2019 387 2081 fere
423 2019 563 2099 integras
601 2028 792 2082 tantumnon
829 2020 905 2102 ipsis
944 2023 1130 2088 iudiciorum
1168 2026 1349 2090 nominibus
1383 2028 1432 2089 in-

178 2127 330 2205 dicatis⁴).
371 2123 468 2205 Quod
490 2123 584 2204 igitur
606 2124 659 2188 ille
678 2133 843 2188 cruentam
864 2129 1007 2202 caedem,
1030 2137 1079 2192 est
1101 2130 1184 2192 enim
1201 2137 1332 2192 cruenta
1347 2147 1433 2210 quae

175 2229 261 2318 χειρὶ
283 2229 426 2304 efficitur,
456 2250 475 2292 a
497 2229 625 2310 reliquis
647 2229 851 2312 distinguit⁵)‚
875 2243 1003 2313 gratum
1030 2233 1106 2296 mihi
1129 2244 1177 2298 est
1199 2235 1431 2310 testimonium,

262 2422 283 2487 ¹)
303 2420 420 2487 Captavit
443 2420 492 2468 hac
515 2420 569 2484 ipsa
592 2434 618 2468 re
641 2418 742 2469 facetias
771 2419 891 2470 Platenus
916 2428 1000 2470 noster
1023 2422 1049 2470 in
1074 2422 1206 2472 comoedia
1232 2423 1292 2472 »der
1315 2422 1434 2488 gliseme

176 2512 315 2561 Pantoflel«
340 2512 395 2560 Act.
419 2511 431 2558 l
456 2507 499 2557 ubi
524 2507 681 2556 Carmosines
704 2506 781 2554 homo
806 2523 858 2556 non
881 2509 968 2574 magni
991 2508 1087 2573 ingenii
1110 2509 1174 2560 filias
1198 2525 1256 2560 suas
1277 2525 1294 2559 a
1315 2527 1375 2581 rege
1398 2509 1433 2558 ad

177 2600 266 2649 festum
290 2599 357 2648 diem
382 2597 560 2647 celebrandum
584 2595 609 2644 in
632 2594 715 2643 aulam
739 2594 863 2644 deducere
886 2597 972 2656 iussus,
998 2597 1117 2648 comitate
1134 2598 1200 2663 regis
1217 2597 1376 2662 munerisque
1394 2597 1433 2648 sui

178 2689 299 2753 gravitate
323 2695 410 2752 captus
434 2694 509 2749 atque
533 2684 654 2733 attonitus
671 2684 748 2732 verba
767 2683 797 2733 ad
819 2682 882 2732 filias
902 2683 962 2734 facit
980 2684 1051 2736 haec.
1092 2687 1176 2749 ¹Doch
1194 2686 1267 2736 weiss
1286 2701 1345 2736 man
1363 2685 1434 2736 noch

177 2778 248 2827 nicht
266 2793 310 2826 aus
328 2776 377 2824 den
393 2774 544 2838 Zeitungen,
561 2769 567 2836 Ι
581 2771 639 2822 dass
652 2772 715 2822 euch
729 2772 775 2821 der
786 2771 880 2836 Ko'nig‚
900 2771 966 2822 mein
979 2773 1105 2838 Gebieter,
1126 2776 1204 2826 selbst
1218 2771 1223 2842 Ι
1238 2776 1284 2825 mit
1296 2775 1432 2825 Worten

178 2863 406 2930 eigenhiindig
429 2860 600 2926 eingeladen¹.
624 2885 657 2898 ·-
681 2860 720 2910 Ne
749 2875 809 2910 vero
832 2860 927 2926 cogites
953 2863 987 2912 sd
1016 2863 1115 2912 chartas
1143 2864 1247 2929 scriptas
1270 2864 1361 2929 quibus
1385 2879 1435 2912 nos

179 2954 248 3004 citari
266 2954 375 3003 solemus
395 2952 429 3000 ad
447 2950 553 3011 festum
572 2949 629 3000 viva
647 2963 709 2998 voce
727 2963 770 2998 rex
789 2949 936 3002 mandalum
954 2951 1026 3001 dedit
1043 2966 1095 3001 non
1110 2953 1252 3017 epistulam.
1272 2978 1305 2990 -

265 3042 287 3108 ²)
306 3041 436 3094 Uberrime
463 3040 630 3090 disseruerunt
656 3037 688 3088 de
713 3038 764 3087 hoc
792 3038 870 3087 verbo
896 3039 1005 3088 Morus
1034 3048 1058 3089 et
1086 3040 1269 3104 Spohnius,
1290 3039 1324 3088 ad
1353 3041 1434 3088 Isocr.

179 3132 275 3196 Paneg.
294 3129 331 3197 (p.
350 3129 381 3192 87
400 3129 442 3178 ed.
465 3124 566 3194 Spohn)
589 3127 615 3174 in
639 3142 670 3176 eo
695 3134 793 3175 tantum
818 3125 974 3190 corrigendi,
1003 3127 1073 3194 quod
1102 3143 1161 3176 »sua
1186 3144 1277 3177 manu«
1307 3135 1437 3178 verterunt

180 3220 206 3268 id
230 3220 300 3284 quod
323 3217 427 3268 vertitur
444 3225 511 3268 recte
526 3234 531 3265 :
546 3215 616 3280 ipsa
634 3230 735 3264 manu.

267 3306 288 3372 3)
306 3307 448 3367 Hermann,
468 3307 509 3355 De
526 3303 636 3368 vestigiis
655 3303 823 3353 institutorum
841 3310 951 3353 veterum
969 3302 1090 3367 imprimis
1108 3304 1249 3354 Atticorum
1269 3321 1313 3369 per
1324 3303 1440 3354 Platonis

181 3397 206 3448 d.
224 3396 275 3460 leg.
292 3396 370 3444 libros
387 3393 539 3459 indagandis
556 3389 699 3457 (praecipue
717 3407 772 3456 cap.
790 3390 834 3457 V).

267 3481 289 3548 ⁴)
309 3483 411 3548 Spectat
429 3483 463 3534 ad
485 3484 636 3546 Prytaneum
653 3482 692 3530 IX
711 3479 786 3544 8730
804 3477 851 3545 <ad
868 3477 986 3528 Phreatto
1001 3480 1040 3528 IX
1052 3478 1103 3529 866
1116 3494 1139 3538 c,
1153 3477 1183 3544 d)
1202 3479 1234 3529 ad
1253 3465 1434 3546 Delphinium:

182 3573 231 3640 865
250 3575 267 3622 b
285 3570 354 3625 κατὰ
372 3568 422 3624 τὸν
439 3570 468 3624 λιι
485 3570 606 3640 Δελφῶν
624 3571 795 3644 κομισθέντα
811 3559 908 3636 νόμον.

269 3660 291 3726 5)
309 3661 396 3710 Liceat
414 3659 476 3708 mihi
494 3675 595 3709 monere
614 3658 684 3724 quod
701 3657 808 3708 eandem
819 3656 979 3722 partitionem
991 3655 1102 3704 invenies
1115 3656 1184 3722 apud
1199 3657 1330 3707 Philonem
1343 3658 1400 3707 Iud.
1410 3659 1438 3708 11

186 3765 236 3816 3¹4
252 3751 295 3800 M:
321 3741 371 3800 έιέν
389 3765 430 3806 τις
452 3745 666 3814 ἔπανατεένηται
689 3747 769 3816 ξέρος
786 3739 847 3797 ὥστ’
866 3740 1030 3797 ἀποκτεῖναι
1051 3745 1098 3796 καλ
1118 3736 1153 3796 ἄν
1170 3738 1209 3816 μὴ
1232 3738 1321 3813 ἀνέλῃ,
1341 3741 1437 3810 ἔνοχος

184 3839 270 3904 ἔσται,
288 3840 447 3906 προαιρέσει
468 3829 588 3903 γεγσνδς
609 3829 793 3907 ἀνδροφόνος,
811 3833 836 3886 εἰ
852 3827 948 3903 καὶμὴ
966 3831 999 3885 τὸ
1017 3833 1095 3891 τέλος
1112 3831 1144 3905 τῇ
1161 3827 1257 3906 γνώμῃ
1274 3831 1438 3902 συνέδραμε.

189 3910 238 3982 Pii¹
254 3927 285 3980 δὲ
310 3922 380 3978 αὐτὰ
404 3927 542 3990 πασχέτω,
567 3929 613 3978 καλ
632 3920 668 3978 ἂν
685 3922 736 3978 σὺν
752 3927 833 3994 rem
853 3939 895 3980 τις
913 3921 941 3982 έξ
957 3920 1069 3992 ἐνέδρας
1088 3915 1121 3974 ου’
1139 3921 1252 3994 θαρρῶν
1270 3913 1439 3989 ἄντικρυς

187 4017 338 4085 ἐπιχειρεῖν
368 4008 533 4080 βουλεύηται
560 4015 607 4066 καὶ
628 4014 789 4083 μηχανᾶται
807 4009 925 4082 δολερῶς
940 4005 990 4064 τὸν
1008 4006 1112 4081 φόνον·
1132 4009 1233 4079 ἐναγὴς
1248 4007 1304 4082 γὰρ
1322 4011 1370 4060 καὶ
1389 3993 1438 4060 οὗ·

186 4123 242 4164 τος,
272 4107 298 4157 ελ
322 4105 369 4156 καὶ
391 4099 475 4174 μήπω
503 4107 579 4163 ταῖς
603 4104 730 4171 χερσὶν
753 4094 822 4153 ἀλλά
846 4116 889 4152 τοι
912 4100 947 4172 τῇ
970 4102 1049 4172 ψυχῇ
1067 4103 1244 4164 καθέστηκεν.
1279 4097 1357 4163 Apud
1380 4111 1439 4146 eum

188 4209 289 4260 qnoque
295 4194 370 4260 χειρλ
382 4219 415 4232 -·
427 4188 569 4260 βουλεύειν
581 4190 709 4242 antithesis
720 4189 772 4239 virn
781 4190 861 4238 habet
872 4189 951 4240 hanc:
971 4189 1105 4238 manifesta
1117 4187 1206 4238 caedes
1218 4211 1252 4222 -
1263 4200 1315 4234 non
1328 4191 1440 4243 cruenta,

186 4282 315 4336 insidiosa.
344 4281 424 4332 Attici
439 4297 499 4332 usus
517 4261 622 4330 lorensis
639 4283 691 4330 no'n
709 4293 811 4345 prorsus
827 4276 926 4327 videtur
941 4277 1017 4328 Philo
1034 4277 1104 4327 rudis
1116 4276 1204 4334 luisse;
1226 4273 1359 4324 terminum
1371 4271 1439 4320 enim
