3352 4994
763 300 980 362 ..13„

240 453 404 533 percussit.
435 451 589 532 Aeschyl.
605 453 699 514 Eum.
718 454 791 530 582:
814 452 1030 538 ξιφουλκῷ
1044 449 1158 536 χειρὶ
1173 447 1256 537 πρὸς
1270 451 1365 537 δέρην
1379 445 1493 534 τεμών.

208 585 209 593 ¹
240 555 360 637 Agam.
377 573 448 620 110:
462 551 519 621 σὺν
529 553 602 642 δορὶ
616 553 688 620 καὶ
702 553 989 642 χειρὶντράκσσρι
1001 578 1043 623 v.:
1062 560 1153 635 1480:
1172 555 1288 640 δαμεὶς
1299 551 1497 642 δάμαρισςῑ)

241 655 277 726 ἐκ
297 657 418 744 χερὸς
440 654 617 749 ἀμφιτόμῳ
639 659 785 748 βελέμνῳ
805 716 812 732 .
829 661 930 744 Soph.
945 661 1027 728 Oed.
1043 660 1081 729 C.
1097 664 1176 742 835:
1198 655 1270 743 τάχ’
1296 660 1330 740 ἒς
1354 656 1498 746 βάσανον

202 833 205 839 ,
241 757 270 831 εἶ
299 767 402 851 χερῶν
424 816 431 831 .
458 767 554 845 1296:
584 756 657 832 nire
686 763 820 856 νικήσας
849 762 935 854 λόγῳ
954 771 959 846 Ι
979 757 1047 833 oiir'
1073 761 1121 844 εἰς
1143 761 1273 851 ἔλεγχον
1293 759 1399 853 χειρὸς
1421 755 1493 832 οὐδ’

240 865 335 958 ἔργου
356 866 467 952 μολών
489 924 496 936 .
520 871 669 935 Herodot
685 872 762 935 VIII
779 875 829 953 89,
852 873 900 936 IX
913 875 971 952 48:
993 871 1111 957 χειρῶν
1128 866 1233 953 νόμος.
1271 871 1326 935 cfr.
1343 871 1494 935 Aeschin.

239 977 253 1038 I
278 988 294 1056 5
316 998 342 1040 c.
361 976 461 1040 schol.
479 975 581 1042 Thuc.
596 976 644 1038 IV
658 994 717 1057 43:
740 963 777 1066 ἦν
798 974 921 1064 ῆμάχη
944 971 1082 1066 καρτερὰ
1106 976 1163 1040 καὶ
1180 973 1221 1041 ἐν
1236 975 1380 1059 χερσὶν
1394 978 1497 1042 πᾶσα.

240 1081 331 1145 Plato
352 1081 414 1164 leg.
437 1081 498 1162 633
516 1082 559 1144 B:
584 1079 617 1146 ἒν
638 1083 713 1160 ταῖς
726 1080 810 1167 πρὸς
825 1077 985 1162 deleto-vg
997 1086 1071 1162 ταῖς
1084 1080 1230 1163 χερσὶν
1244 1078 1376 1164 μάχαις.
1414 1083 1497 1147 Xen.

240 1185 324 1250 Hell.
346 1187 411 1249 VII
434 1204 462 1260 2,
490 1203 542 1265 14:
567 1183 604 1250 ἐκ
625 1182 732 1272 χειρὸς
752 1185 931 1271 μάχεσθαι.
967 1189 1283 1252 Animadvertendae
1303 1198 1378 1252 sunt
1399 1190 1497 1252 etiam

240 1292 426 1355 notissimae
449 1293 521 1356 illae
544 1292 716 1356 formulae:
747 1296 858 1378 χεῖρας
887 1287 1076 1365 συνάπτειν,
1106 1288 1154 1372 εἰς
1181 1295 1292 1378 χεῖρας
1314 1289 1418 1375 lirum
1442 1293 1497 1374 qui

240 1416 362 1477 pronus
390 1407 439 1462 est
468 1401 524 1462 ad·
540 1399 626 1462 rixas
656 1391 783 1483 ὀξύχειρ
811 1409 944 1462 vocatur
973 1400 1051 1481 Lys.
1081 1399 1130 1461 IV
1153 1402 1190 1477 8;
1221 1401 1275 1481 qui
1304 1399 1413 1479 incipit
1443 1419 1497 1460 eas

241 1509 274 1564 et
301 1502 333 1563 in
363 1501 480 1566 forensi
509 1525 568 1567 usu
590 1513 624 1566 et
645 1505 675 1566 in
697 1504 859 1567 cotidiano
882 1525 1031 1568 sermone
1053 1505 1181 1568 dicitur:
1211 1498 1319 1589 άρχων
1344 1505 1496 1587 χειρῶν

241 1595 366 1671 ἀδίκων
395 1609 528 1692 Antiph.
558 1614 594 1673 Γ.
624 1613 655 1692 β.
691 1626 715 1682 1,
748 1626 776 1685 2,
806 1609 836 1676 6.
891 1609 969 1689 Lys.
997 1611 1046 1672 IV
1080 1628 1126 1674 11.
1179 1611 1273 1674 Dem.
1305 1607 1414 1671 XXIII
1448 1621 1496 1685 50.

239 1709 332 1775 Plato
354 1713 416 1792 leg.
432 1714 480 1778 IX
494 1716 556 1796 869
571 1737 598 1779 c.
635 1714 690 1778 cir.
707 1715 861 1791 Mitzner,
885 1715 962 1783 Ant.
984 1717 1057 1794 184:
1081 1718 1135 1796 qui
1158 1726 1290 1779 cruenta
1309 1715 1407 1777 caede
1428 1733 1497 1794 per-

241 1819 339 1880 cussit
360 1819 497 1884 alterum
515 1821 651 1885 habetur
671 1817 709 1886 οά
731 1813 879 1903 καθαρός
900 1814 958 1897 σάς
978 1822 1133 1902 χεῖρας.
1172 1819 1309 1902 Antiph.
1324 1819 1358 1881 V
1378 1836 1424 1893 11,
1446 1820 1497 1880 82.

240 1922 360 1992 Aesch.
390 1926 419 1988 II
454 1928 511 2004 148
541 1928 672 2008 propria
701 1927 732 1988 vi
760 1926 823 1989 hoc
855 1925 1131 2006 intellegendum:
1152 1926 1306 2007 sanguine
1335 1925 1419 1987 enim
1453 1925 1497 1985 in-

240 2031 390 2110 terempti
418 2031 600 2114 inquinatae
628 2041 702 2094 sunt
726 2033 923 2114 percussoris
950 2051 1063 2092 manus
1072 2032 1108 2114 ²).
1154 2032 1311 2112 Denique,
1341 2031 1394 2111 qui
1414 2027 1500 2114 χειρὶ

240 2133 537 2210 utitur,‘manifesta
559 2138 590 2199 vi
610 2138 725 2200 occidit
746 2146 802 2200 aut
824 2137 915 2199 nudis
938 2136 1084 2200 manibus
1105 2145 1161 2199 aut
1179 2137 1310 2199 armatis
1333 2137 1400 2199 sive
1422 2135 1497 2198 fusti

241 2240 308 2302 sive
330 2240 435 2322 lapide
459 2244 524 2306 sive
546 2243 612 2306 telo
633 2242 782 2324 gladiove
791 2242 823 2326 3).
844 2279 887 2287 —

326 2344 436 2410 Unum
473 2348 615 2411 eiusdem
653 2349 697 2412 rei
726 2348 944 2411 testimonium
979 2331 1120 2410 asseram
1159 2366 1177 2407 e
1213 2347 1311 2409 latino
1348 2365 1497 2408 sermone

240 2451 291 2512 vel
323 2453 430 2533 potius
466 2475 485 2516 e
515 2457 581 2518 iure
615 2474 766 2517 romano:
796 2453 846 2533 (L.
880 2466 914 2533 51
949 2473 996 2534 pr.
1023 2452 1098 2533 Dig.
1126 2452 1168 2514 ad
1197 2449 1218 2519 l.
1247 2451 1357 2534 Aquil.
1385 2451 1433 2513 IX
1464 2451 1497 2533 2)

236 2554 392 2636 Julianus:
430 2559 602 2623 »accedisse
624 2559 744 2623 dicitur
765 2559 857 2639 vulgo
881 2559 1018 2640 quidem,
1048 2559 1107 2639 qui
1126 2557 1241 2620 mertis
1264 2577 1397 2620 causam
1420 2577 1496 2638 quo-

246 2661 338 2724 tlibet
356 2665 449 2726 modo
463 2665 627 2746 praebuit,
651 2666 713 2728 sed
731 2664 751 2726 l.
774 2665 909 2746 Aquilia
931 2665 961 2727 is
983 2665 1111 2726 demum
1135 2664 1239 2726 teneri
1258 2663 1420 2739 virescet,
1442 2661 1501 2742 qui

248 2767 412 2832 »adhibita
441 2771 477 2832 σι’
503 2780 535 2832 et
562 2776 687 2852 quasi
712 2791 831 2833 maner
860 2791 993 2833 causam
1025 2769 1140 2831 mertis
1160 2768 1369 2850 praebuisset
1389 2776 1494 2829 tracta

247 2872 415 2937 »videlicet
440 2875 700 2956 interpretatione
729 2875 815 2938 vocis
836 2895 858 2937 α
880 2875 1039 2938 caedendo
1060 2884 1092 2936 et
1110 2895 1131 2936 a
1153 2874 1265 2936 caede«
1293 2871 1357 2954 (cfr.
1380 2873 1497 2933 Festus

243 2995 268 3041 s.
291 2998 320 3041 v.
343 2981 506 3060 occisum).
544 2979 633 3060 Ergo
655 2983 740 3062 apud
755 3001 813 3043 eos
829 3000 958 3062 quoque
974 2989 1104 3042 cruenta
1120 2979 1235 3041 caedes
1250 2998 1309 3060 per
1328 2996 1494 3038 ›manum‹

243 3081 406 3158 indicatur,
437 3094 472 3147 ut
501 3106 560 3167 par
590 3095 640 3148 est
668 3088 754 3168 apud
782 3106 895 3149 omnes
925 3087 978 3166 qui
1008 3083 1199 3165 imaginibus
1225 3103 1242 3143 e
1266 3101 1371 3144 rerum
1393 3080 1498 3143 simili·

242 3187 351 3252 tudine
378 3190 523 3253 deductis
550 3192 765 3254 narrationem
794 3191 950 3253 illustrare
975 3191 1114 3254 student.
1159 3187 1266 3268 Quam
1289 3186 1444 3250 illustrem
1466 3186 1498 3246 in

242 3291 303 3356 hac
332 3295 513 3376 symbolica
542 3297 680 3360 dictione
710 3297 818 3360 locum
851 3316 999 3358 »manusc
1029 3295 1181 3369 obtineat,
1212 3293 1341 3374 egregie
1364 3291 1499 3372 exponit

241 3397 281 3465 R.
305 3399 345 3462 de
362 3399 532 3482 jheringt).

327 3505 423 3568 Mitto
445 3507 524 3584 hoc;
546 3509 588 3570 ad
610 3507 752 3571 Graecos
769 3518 974 3573 revertamur.
1011 3507 1066 3570 Ad
1081 3504 1216 3568 eandem
1231 3523 1329 3584 quam
1347 3501 1498 3566 evicimus

242 3611 306 3672 iam
335 3611 501 3675 notionem
529 3613 618 3676 verbi
646 3612 732 3696 χειρὶ
762 3609 955 3697 ἐργάζομαι,
993 3612 1178 3675 deducimur
1205 3630 1336 3691 prorsus
1365 3628 1408 3670 ex
1437 3606 1498 3668 alia

329 3844 348 3908 ¹)
363 3845 433 3894 Add.
454 3847 577 3910 Engerus.

328 3933 348 3997 ²)
362 3929 521 4006 χερσμασής
539 3935 657 4000 Aeschyl.
679 3934 725 3984 Ch.
744 3933 790 3982 66:
811 3950 825 3982 e
842 3933 948 3983 Porsoui
966 3933 1118 3990 coniectura,
1140 3948 1186 3996 pro
1201 3929 1372 4000 χαιρσμυσῆ.

329 4021 347 4086 3)
365 4023 483 4074 Similiter
494 4024 605 4073 Romani
622 4024 760 4088 loquuntur
774 4040 780 4072 :
794 4021 958 4080 committere,
979 4037 1107 4070 conserere
1120 4037 1231 4080 manum,
1246 4017 1385 4067 in'mauum
1397 4015 1498 4066 venire.

240 4111 293 4159 vim
311 4120 337 4160 et
354 4129 444 4162 manus
463 4113 564 4172 afferre3
585 4112 746 4176 similiterque
764 4127 830 4161 nos:
845 4110 924 4160 Hand
944 4111 1060 4174 anlegen,
1086 4109 1255 4174 handgemein
1274 4106 1382 4166 werden,
1408 4104 1498 4154 Hand·

241 4215 374 4264 gemenge.

327 4285 348 4353 ⁴)
367 4289 437 4338 Geist
457 4291 483 4338 d.
503 4289 578 4336 Rom.
598 4289 630 4336 R.
649 4291 700 4338 112
719 4305 744 4354 p.
766 4289 815 4354 569
834 4288 874 4339 ed.
894 4300 918 4352 3.
