3352 4994
706 333 918 396 ,29-

186 485 286 556 verba
313 482 484 568 »ἐξέβαλον
506 477 526 572 ἡ
548 485 648 572 βουλὴ
671 479 689 574 ἡ
713 483 751 567 ἐξ
762 477 889 569 Ἀρείου
912 486 1052 568 πάγους,
1080 484 1183 548 »exilii
1206 486 1376 549 damnatus
1392 491 1443 548 est

187 591 219 653 in
249 590 459 672 Areopago«.
503 589 552 654 At
580 593 718 673 primum
748 591 888 672 quidem,
918 611 1000 674 quae
1028 592 1108 654 haec
1138 600 1187 653 est
1216 591 1247 654 in
1269 590 1445 653 homicidio

186 715 294 777 poena
338 696 397 760 »de
437 695 575 777 collegio
617 695 779 760 motem?
816 696 940 772 deinde,
981 696 1064 759 unde
1104 705 1308 777 compertum
1346 695 1445 758 habet

187 799 334 882 Philippi,
368 800 603 882 Areopagitam
637 802 811 865 sacerdotis
833 809 958 883 patrem
987 800 1093 876 fuisse,
1127 809 1162 863 ut
1193 819 1254 883 pro
1289 821 1395 883 poena
1426 820 1446 862 e

188 905 328 988 collegio
351 906 472 968 moveri
495 904 657 988 potuerit?
680 905 806 979 Tertio,
830 906 906 988 quid
928 906 1081 988 exemplo
1104 906 1166 968 hoc
1189 904 1360 968 effecturus
1376 913 1446 967 erat

190 1009 302 1074 actor?
339 1030 416 1073 num
446 1009 615 1075 Cononem
643 1011 756 1086 etiam,
787 1030 884 1092 quem
914 989 1115 1094 perse¹quitur
1144 1012 1362 1083 accusatione,
1400 1030 1444 1073 ex

191 1116 401 1199 Areopagitis
441 1115 628 1179 eiiciendum
667 1116 776 1181 curat?
820 1117 911 1196 quasi
955 1116 1069 1180 Conon
1111 1125 1196 1179 esset
1226 1115 1445 1196 Areopagital

191 1218 387 1303 Quanquam
424 1219 487 1284 hoc
526 1231 682 1302 quantum
719 1221 852 1298 laboret,
890 1223 1081 1305 Philippium
1115 1242 1179 1284 non
1212 1221 1292 1301 fugit
1322 1221 1446 1302 ipsum;
1476 1261 1481 1270 -

188 1327 345 1389 docemur
372 1326 467 1407 igitur
496 1327 537 1389 ab
568 1347 618 1400 eo,
648 1337 792 1391 actorem
819 1330 967 1411 decipere
996 1327 1135 1390 voluisse
1162 1327 1342 1402 audientes;
1373 1345 1447 1387 curn

191 1431 278 1494 enim
309 1430 449 1494 dicturus
479 1442 580 1496 esset:
616 1452 675 1494 »ex
697 1433 970 1516 Areopagitarum
992 1433 1129 1514 collegio
1152 1432 1271 1494 eiectus
1286 1440 1353 1493 est«
1372 1429 1449 1492 talia

190 1535 290 1616 elegit
312 1535 419 1610 verba,
443 1555 526 1616 quae
547 1538 592 1600 ita
614 1539 721 1618 potius
743 1538 1016 1619 intellegerentur:
1052 1538 1110 1602 »ab
1133 1537 1340 1620 Areopagitis
1362 1534 1447 1596 exilii

191 1642 364 1704 damnatus
396 1649 482 1718 estu
519 1642 626 1724 itaque
659 1652 801 1706 actorem
829 1647 1013 1726 captatione
1046 1664 1138 1707 usum
1167 1663 1238 1707 esse
1272 1640 1446 1704 dialectica.

193 1743 390 1826 Quanquam
418 1765 532 1808 vereor
564 1768 604 1810 ne
638 1769 696 1811 nos
729 1751 858 1832 quidem
891 1760 1034 1812 actorem
1068 1749 1204 1831 simplici
1234 1756 1341 1810 mente
1373 1746 1450 1807 ‘vera

193 1851 365 1934 protulisse
401 1871 605 1928 censeamus,
638 1857 820 1936 captatione
855 1855 1021 1919 dialectica
1050 1855 1108 1936 ipsi
1140 1853 1299 1935 Philippio
1332 1849 1449 1914 relicta.

192 1956 308 2036 Neque
330 1956 414 2018 enim
431 1958 580 2038 equidem
597 1960 701 2034 video,
718 1961 884 2040 quomodo
899 1961 986 2042 apud
1002 1960 1216 2042 Areopagum
1231 1977 1295 2020 non
1311 1955 1451 2039 potuerit

193 2082 267 2124 reus
291 2059 367 2136 fieri,
391 2062 444 2144 qui
467 2063 614 2126 consulto
637 2067 678 2128 ad
701 2067 833 2129 caedem
854 2066 991 2129 alterum
1013 2065 1197 2130 incitaverit.

280 2166 395 2248 Neque
418 2169 522 2231 minus
544 2169 738 2234 luculentum
761 2172 897 2236 alterum
919 2183 969 2234 est
991 2170 1208 2236 testimonium
1231 2169 1309 2248 Lys.
1330 2183 1376 2240 10,
1394 2181 1451 2245 31:

194 2270 301 2334 Actor
330 2282 456 2338 enarrat
485 2276 585 2356 patris
613 2286 749 2339 mortem
772 2279 1003 2342 vindicaturum
1034 2297 1105 2339 reos
1127 2295 1162 2336 se
1185 2273 1297 2337 fecisse
1323 2272 1453 2352 triginta

196 2376 291 2439 viros.
333 2370 565 2460 βουλεύσαντες
587 2382 733 2448 nimirum
755 2405 820 2448 non
842 2381 927 2467 χειρί
949 2385 1082 2447 caedem
1100 2380 1274 2444 effecerant
1282 2379 1321 2457 ι);
1346 2394 1451 2454 neque

196 2491 232 2545 ut
271 2483 387 2564 opinor
425 2483 634 2549 involuntarie
668 2491 725 2551 sed
754 2491 931 2556 consulto:
955 2510 1034 2570 ergo
1065 2487 1149 2550 actio
1181 2486 1212 2548 in
1240 2483 1452 2562 Areopagum¹

197 2596 267 2650 erat
298 2586 486 2665 deserenda;
525 2591 612 2670 quod
648 2614 682 2656 re
710 2615 785 2658 vera
814 2617 849 2660 se
877 2594 989 2660 fecisse
1016 2593 1092 2656 dicit
1126 2601 1231 2655 actor:
1266 2583 1453 2671 ἐπεξῆλθον

197 2695 272 2770 τοῖς
303 2689 477 2776 τριάκοντα
506 2691 541 2760 ἐν
562 2689 680 2782 Ἀρείῳ
709 2693 823 2786 πάγῳΙ
862 2700 949 2782 Quid
975 2710 1088 2764 contra
1116 2697 1196 2760 haec
1224 2691 1380 2774 Philippi?
1413 2710 1455 2756 ne

198 2808 332 2862 conatus
364 2802 494 2881 quidem
523 2799 586 2863 hoc
615 2801 751 2867 refutare
781 2808 1023 2888 tergiversatur;
1058 2804 1236 2885 suspicatur
1258 2798 1456 2862 intulisse

199 2903 331 2984 quidem
353 2893 496 2968 actorem
515 2908 674 2970 actionem
697 2910 727 2972 in
747 2911 926 2994 Areopago
950 2949 988 2960 -
1013 2931 1076 2974 non
1097 2929 1174 2972 vero
1197 2914 1363 2987 acceptam
1384 2922 1455 2964 esse

199 3029 274 3070 eam
301 3030 430 3073 causam
460 3033 479 3074 a
509 3014 663 3077 iudicibus
692 3018 734 3098 (p.
767 3029 807 3094 50
835 3019 939 3098 nota):
975 3037 1028 3078 »er
1055 3016 1140 3077 kann
1170 3032 1282 3094 wegen
1307 3008 1458 3072 Nichtzu·

202 3115 400 3196 standigkeit
431 3119 488 3180 des
517 3118 675 3202 Areopag
701 3121 901 3200 abgewiesen
931 3123 1007 3196 sein,
1037 3140 1103 3182 was
1128 3123 1239 3200 spater
1267 3136 1304 3177 zu
1328 3112 1455 3177 melden

202 3217 359 3283 natiirlich
396 3221 482 3286 nicht
515 3225 545 3288 in
580 3225 701 3290 seinem
733 3228 890 3291 Interesse
924 3228 1014 3310 lagei
1052 3260 1091 3271 —
1125 3223 1199 3286 Hoc
1236 3228 1457 3285 commentum

201 3325 311 3386 nescio
340 3346 381 3388 an
411 3330 527 3391 nemini
550 3331 693 3412 placeat;
723 3332 842 3398 facilius
865 3342 933 3396 erat
952 3329 1109 3414 suspicari
1130 3329 1214 3391 hunc
1237 3345 1367 3407 quoque
1389 3343 1456 3386 ora-

200 3437 307 3491 torem
330 3433 512 3512 captatioue
532 3436 639 3518 aliqua
661 3458 763 3512 usum,
787 3439 848 3502 alia
870 3449 966 3523 atque
990 3438 1116 3512 dixerit,
1139 3453 1270 3497 revera
1293 3429 1427 3494 dixissel
1453 3505 1459 3512 ἢ

290 3534 446 3600 Venimus
475 3541 515 3602 ad
544 3563 616 3604 eam
646 3565 729 3607 nunc
757 3545 944 3620 orationem,
975 3564 1038 3624 qua
1067 3541 1270 3626 potissimum
1300 3537 1458 3598 adductus

202 3647 254 3700 est
282 3640 418 3724 Philippi
448 3655 482 3708 ut
512 3668 624 3711 omnes
651 3645 851 3732 βουλεύσεως
878 3651 1020 3714 actiones
1039 3647 1182 3710 Palladio
1212 3644 1271 3707 soli
1293 3642 1457 3715 tribueret,

202 3743 246 3806 ad
267 3743 478 3830 Antiphontis
499 3755 678 3818 orationem
700 3756 723 3820 Ι.

211 3891 416 3906 -.,.....-,....-,

203 3968 278 4019 Din-
299 3982 321 4029 lt
343 3971 371 4024 6:
390 3972 515 4038 ἐκβαλεῖν
533 3976 725 4046 (Areopagitas)
744 3971 760 4047 ἢ
779 3973 893 4047 θανάτῳ
906 3977 1038 4048 ζημιῶσαι
1050 3975 1112 4024 ibid.
1128 3971 1145 4040 ᾖ
1158 3971 1190 4022 28
1204 4007 1210 4022 .
1224 4009 1230 4023 .
1244 4007 1250 4022 .
1265 3964 1305 4021 δι’
1325 3959 1360 4031 ἣν
1373 3963 1419 4029 (sc.
1434 3981 1458 4050 ¹⁹.

203 4049 327 4126 εἰρήνην)
347 4095 354 4110 ·
372 4096 379 4112 .
397 4099 403 4112 .
423 4058 501 4130 ὑμεῖς
518 4067 625 4123 ἐκεῖνον
644 4065 782 4136 ἐξεβάλετε
800 4069 853 4133 (cfr.
873 4064 890 4133 ἓ
910 4065 969 4132 29);
995 4065 1027 4114 de
1049 4071 1193 4113 accusatore
1211 4060 1271 4109 Diu.
1290 4055 1362 4120 163,
1384 4051 1458 4112 alibi;

205 4144 252 4194 cfr·
275 4147 384 4214 Philippi
402 4154 448 4202 Ar.
467 4171 492 4204 u.
511 4157 578 4222 Eph.
596 4176 622 4225 p.
640 4158 674 4221 48
692 4158 751 4208 adn.
773 4170 814 4222 70,
836 4170 877 4221 7¹·
914 4157 987 4206 Idem
1010 4161 1047 4203 est
1070 4167 1129 4202 usus
1146 4149 1215 4199 verbi
1239 4141 1412 4200 ἀποκτείνειν
1435 4149 1461 4192 et

204 4233 239 4282 de
257 4233 340 4286 iudice
357 4247 382 4288 et
399 4241 431 4290 de
450 4254 602 4297 accusatore.
622 4277 656 4286 —
1025 4241 1026 4244 Ἴ
1219 4237 1220 4242 ¹

295 4323 315 4390 ¹)
333 4328 501 4396 Frohberger,
521 4335 609 4400 Lysias
628 4337 668 4387 ed.
689 4350 699 4386 1
721 4355 746 4403 p.
764 4348 794 4389 21
814 4343 876 4385 nota
893 4335 935 4384 60.
