3352 4994
697 280 910 340 „24,

178 425 196 500 ὁ
222 428 282 516 γὰρ
304 426 414 516 χρόνος
436 432 491 496 καὶ
516 424 535 518 ἡ
559 429 716 515 ἐμπειρία
737 428 778 498 τὰ
801 427 975 519 μὴκαλῶς
997 427 1110 513 ἔχοντα
1139 427 1332 500 ἐκδιδάσκω
1359 429 1434 510 τσὺς

176 529 383 622 ἀνθρώπους.

262 659 356 720 Nunc
390 678 452 740 age
484 658 650 722 criminum
683 659 912 742 perlustremus
947 661 1070 724 seriem.
1129 662 1308 745 Principem
1342 662 1432 726 facile

177 764 301 827 obtinet
316 765 422 827 locum
440 775 614 829 cruenta
635 767 750 829 caedes
765 762 900 852 (odron),
919 775 968 828 est
982 785 1021 828 ea
1036 766 1270 848 simplicissima
1285 769 1433 849 antiquis·

176 889 241 950 que
270 869 470 950 temporibus
499 870 652 952 imprimis
675 870 931 934 accommodata.
982 869 1108 945 Statim,
1142 880 1178 935 ut
1207 893 1359 953 praesens
1388 874 1433 936 ira

180 974 277 1050 iubet,
300 973 443 1038 offensus
465 975 650 1056 aggreditur
670 975 805 1038 alterurn
828 976 946 1038 insidiis
970 977 1084 1057 spretis
1101 977 1249 1040 omnibus
1272 987 1327 1041 aut
1342 978 1434 1041 nudis

179 1079 326 1142 manibus
358 1101 433 1143 usus
465 1089 521 1142 aut
552 1082 698 1155 armatis,
736 1081 844 1162 itaque
880 1080 1016 1143 inferiori
1052 1081 1240 1162 sanguinem
1269 1092 1303 1145 et
1336 1085 1433 1146 vitam

179 1185 273 1248 simul
296 1186 398 1268 eripit.
441 1184 479 1247 In
500 1184 564 1248 hoc
584 1187 704 1248 crimen
723 1181 823 1270 φόνου
846 1187 987 1249 instituta
1009 1195 1058 1248 est
1077 1188 1177 1260 acti0;
1200 1205 1283 1267 quae
1304 1207 1372 1248 vox
1392 1189 1434 1250 ad

177 1291 332 1352 amussim
368 1290 542 1372 respondet
578 1290 676 1354 latino
716 1293 865 1354 »caedes«
906 1293 937 1372 (a
971 1291 1195 1371 caedendo)
1228 1319 1271 1344 =
1302 1300 1434 1352 cruenta

178 1413 276 1457 mors.
321 1392 385 1474 Qui
415 1389 514 1479 φόνον
539 1396 740 1458 committere
768 1404 912 1471 conatus,
942 1397 984 1458 ad
1013 1394 1110 1458 finem
1140 1415 1204 1458 non
1233 1402 1431 1477 pervenerat,

178 1519 252 1562 reus
274 1498 311 1562 fit
332 1500 392 1563 sub
414 1500 542 1562 nomine
562 1501 705 1583 »τραῦμα
721 1497 758 1566 ἐν
773 1498 942 1584 προνοίας<<
963 1501 1069 1580 (Dem.
1087 1516 1136 1579 23,
1154 1501 1206 1582 24)
1225 1501 1312 1580 quod
1328 1499 1432 1563 solum

179 1607 243 1668 iarn
266 1613 498 1668 commonstrat
519 1625 577 1686 per
598 1606 771 1669 vulnera
792 1603 925 1694 »φόνον<<
951 1604 1076 1687 effren).

264 1724 392 1790 Efficax
424 1727 571 1790 nimirum
602 1726 683 1790 haec
715 1736 765 1790 est
797 1724 966 1791 manifesta
998 1729 1129 1803 caedes,
1162 1727 1306 1791 celeriter
1338 1735 1435 1808 atque

180 1831 320 1894 funditus
350 1853 368 1894 e
399 1831 465 1894 vita
492 1831 575 1897 tollit
604 1833 783 1909 inimicum;
821 1853 1005 1915 quanquam
1035 1833 1215 1916 periculosa
1243 1833 1357 1895 eadem
1387 1841 1436 1895 est

180 1955 284 2015 neque
314 1935 460 2018 ignaviae
494 1946 579 2020 apta.
630 1937 689 2001 Cui
724 1938 819 2020 igitur
850 1949 884 2002 et
916 1939 1048 2003 audacia
1080 1939 1191 2001 deerat
1219 1957 1324 2018 neque
1353 1939 1436 1999 vires

181 2039 398 2116 sufficiebant,
429 2043 458 2104 ei
488 2042 550 2106 alia
580 2064 675 2107 curae
704 2054 773 2107 erat
802 2044 1008 2108 interficiendi
1042 2044 1139 2106 ratio:
1173 2043 1318 2107 incendio
1351 2041 1436 2106 facto

180 2145 363 2209 flammis
383 2150 519 2229 perdere·
539 2160 673 2214 conatur
694 2149 846 2228 alterum;
874 2143 974 2236 φόνον
997 2151 1127 2231 quidem
1150 2150 1201 2212 ille
1224 2169 1288 2212 non
1310 2155 1439 2231 poterat

181 2272 253 2314 reus
279 2250 356 2328 fieri,
388 2273 529 2334 namque
555 2264 720 2318 cruentam
750 2276 814 2318 non
837 2257 1042 2319 commiserat
1064 2257 1198 2318 caedem
1216 2274 1321 2317 :nova
1343 2254 1439 2335 igitur

179 2357 212 2420 in
241 2378 315 2420 eum
343 2359 428 2421 actio
450 2368 570 2424 statuta
592 2369 642 2424 est
667 2362 865 2446 »nvoxai'rig«
892 2361 998 2441 (Dem.
1023 2377 1072 2440 23,
1091 2364 1161 2441 24);
1191 2360 1253 2422 hoc
1275 2358 1360 2421 enim
1383 2359 1438 2421 uti·

180 2480 244 2543 que
267 2463 352 2526 actio
373 2483 412 2526 ea
434 2474 581 2546 spectare
599 2466 696 2528 debet
710 2465 839 2540 crimen,
855 2474 968 2529 contra
988 2466 1114 2529 vitam
1136 2465 1274 2528 hominis
1290 2483 1354 2525 non
1370 2482 1437 2524 rem

183 2567 387 2631 familiaremv
406 2570 572 2632 directum.
628 2571 695 2632 Nisi
727 2570 813 2634 enim
840 2571 900 2652 ipsi
928 2572 1012 2634 vitae
1043 2570 1175 2634 alicuius
1208 2569 1335 2632 insidias
1368 2567 1438 2648 quis

179 2674 332 2736 struxerit
356 2695 422 2738 non
450 2675 546 2738 video
574 2677 741 2756 quomodo
770 2676 881 2739 locum
907 2675 1052 2739 obtinere
1072 2676 1213 2758 potuerit
1235 2668 1384 2756 πυρκαϊά
1408 2673 1439 2734 in

269 2952 290 3018 ¹)
310 2954 340 3004 11.
364 2967 406 3016 24,
431 2953 489 3005 610.
523 2956 641 3020 Aeschyl.
666 2955 783 3020 Choeph.
809 2969 882 3018 1009.
918 2958 970 3022 Ag.
993 2956 1065 3020 1263.
1102 2957 1157 3021 Spt.
1174 2969 1216 3017 44
1255 2956 1335 3021 Soph.
1354 2953 1386 3004 O.
1404 2955 1437 3003 R.

186 3040 259 3103 1278.
294 3041 354 3093 Eur.
373 3044 436 3094 Hec.
453 3057 510 3106 241.
548 3045 605 3110 Iph.
623 3044 656 3093 A.
677 3053 735 3106 971.
771 3037 864 3104 φόνος
887 3045 1027 3095 derivatum
1052 3051 1089 3094 est
1113 3060 1127 3092 a
1150 3044 1234 3093 radice
1259 3059 1320 3114 φεν.
1344 3041 1384 3092 cui
1402 3058 1439 3090 re-

184 3130 294 3194 spondet
318 3133 439 3182 sanscrita
461 3133 533 3182 radix
552 3135 632 3195 glran,
658 3133 710 3181 han
729 3131 840 3200 (pulsare
859 3143 1003 3183 -terram
1021 3132 1131 3197 ungulis
1152 3131 1270 3192 fulmine3
1293 3132 1357 3196 puls.
1376 3137 1439 3195 tym-

183 3232 263 3282 pana;
291 3221 406 3270 occidere
424 3222 547 3272 trucidare
564 3221 674 3286 aliquem
691 3222 775 3282 armis,
802 3219 874 3270 ferire
896 3219 960 3277 telo;
981 3248 1014 3257 -
1033 3220 1217 3270 Grassmannus
1242 3219 1279 3284 (in
1305 3218 1386 3269 lexico
1407 3220 1440 3268 ad

183 3305 315 3370 Rigvedae
341 3309 460 3375 hymnos)
482 3311 515 3359 de
532 3309 655 3360 veneficio
672 3310 740 3360 idem
758 3308 863 3360 inveniri
879 3323 924 3372 per
942 3324 1050 3358 errorem
1068 3309 1208 3368 contendit,
1228 3307 1298 3374 quod
1317 3307 1441 3372 Georgius

185 3393 283 3443 Melder
311 3398 450 3448 commilito
478 3399 540 3448 mihi
569 3398 702 3449 affirmavit
724 3397 818 3464 (debeo
845 3396 912 3446 enim
934 3396 970 3445 illi
993 3395 1061 3447 hanc
1085 3395 1242 3464 scientiam);
1268 3396 1294 3446 in
1317 3412 1364 3456 eo,
1390 3411 1442 3460 quo

184 3482 294 3533 Grassm.
315 3485 400 3534 nititur
423 3488 481 3537 loco
505 3488 596 3538 veneni
620 3487 690 3536 nulla
708 3487 736 3537 fit
753 3486 856 3536 mentio.
877 3514 909 3522 -
928 3485 949 3534 E
967 3484 1112 3534 nominibus
1131 3485 1181 3534 huc
1199 3485 1307 3551 pertinet
1320 3483 1440 3547 ghands:

184 3571 228 3635 qui
259 3575 373 3632 conterit,
404 3578 526 3640 percutit;
558 3577 638 3626 clava.
680 3575 817 3624 Notionem
849 3573 997 3632 »necandi«,
1028 3587 1093 3638 quae
1121 3573 1191 3622 vocis
1220 3565 1309 3643 φόνος
1340 3570 1442 3638 propria

186 3667 236 3719 est,
264 3662 331 3711 exire
355 3679 370 3712 a
393 3664 498 3714 notione
526 3664 673 3730 »pulsandi«
698 3663 731 3712 ad
756 3663 844 3712 oculos
869 3663 940 3728 quasi
963 3661 1114 3727 proponitur
1134 3663 1212 3711 verbo
1231 3665 1351 3720 θείνον,
1373 3659 1442 3724 qnod

187 3735 320 3816 otiumque
337 3767 416 3817 aeque
434 3752 559 3816 significet
575 3761 600 3803 et
616 3753 715 3817 pulsare
733 3759 758 3802 et
774 3767 863 3801 necare
876 3749 970 3815 (priusz
990 3751 1020 3800 Il.
1042 3761 1081 3812 17,
1102 3763 1168 3814 43o;
1190 3763 1232 3810 20,
1253 3751 1313 3812 481.
1333 3749 1442 3814 plectere

186 3838 317 3904 Aristoph.
337 3842 388 3889 Av.
406 3850 447 3904 54.
478 3856 568 3890 necare
585 3840 636 3891 Od.
655 3854 697 3898 22,
716 3853 775 3904 443.
810 3839 902 3888 Aesch.
916 3841 983 3891 Pers.
998 3838 1068 3904 301).
1098 3839 1188 3889 Eidem
1202 3851 1286 3890 autem
1298 3837 1377 3886 radici
1389 3850 1442 3884 ver·

186 3924 247 3975 bum
268 3928 318 3976 hoc
337 3929 497 3978 tribuendum
515 3938 552 3978 est
569 3937 646 3994 atque
664 3922 911 4000 mdvoc.Discrimen
930 3927 1035 3976 formale
1053 3924 1151 3991 (θείνω
1167 3957 1203 3966 -
1223 3919 1320 3992 φόνος)
1332 3923 1443 3974 invenies

186 4015 269 4066 idem:
291 4021 354 4070 τείω
373 4045 406 4054 -
424 4009 506 4082 ποινή
526 4015 602 4084 (quae
619 4017 756 4067 arctissime
773 4015 906 4065 cohaerere
924 4015 988 4064 inter
1006 4029 1032 4064 se
1050 4031 1125 4064 nemo
1143 4014 1232 4079 nescit)
1252 4007 1373 4083 δήλομαι
1385 4012 1441 4061 dor.

188 4103 318 4172 δείλομαι
342 4109 404 4158 locr.
422 4135 455 4146 -
472 4103 618 4174 βούλομαι,
645 4101 713 4171 βάλε
738 4099 773 4169 δή
798 4101 944 4168 (Alcman);
972 4101 1059 4155 atrro
1084 4105 1169 4154 arcad.
1189 4129 1222 4141 ·-
1240 4102 1355 4169 tssalovt
1381 4101 1445 4152 err-

188 4198 293 4246 auram
309 4227 344 4236 —
361 4197 461 4254 πόθος,
